4646 6166
1132 597 1175 648 DE
1203 597 1396 649 censeretis
1425 599 1602 650 NOMINUM.

924 892 1021 1006 os
1074 891 1389 1007 canens
1440 891 1819 1012 erremus

636 1191 724 1272 177.
758 1190 932 1271 Articulo
951 1217 1084 1272 sexum
1101 1218 1186 1296 qnae
1201 1194 1512 1299 complectuntur
1526 1202 1732 1303 utrumque

756 1317 842 1398 Uno
856 1316 884 1415 ¹,
900 1325 1065 1421 cpicoenc
1079 1325 1218 1398 vocant
1233 1317 1356 1420 Graii3
1369 1323 1589 1424 promerente
1603 1323 1735 1403 nostri.

531 1506 540 1547 ¹
560 1504 599 1567 Ut
611 1504 658 1566 tir
670 1504 761 1586 tepor,
776 1503 838 1568 lrec
850 1504 962 1588 volpes.

531 1702 635 1765 Genus
654 1702 827 1783 epicoenum
850 1702 913 1765 siva
933 1703 1145 1783 promiscuum
1165 1703 1196 1764 iu
1218 1709 1336 1784 postre-
1398 1696 1602 1760 omonimum
1628 1698 1815 1781 adjectivum
1841 1703 2007 1768 admittunt
2028 1725 2102 1769 curn
2126 1726 2236 1774 marem

489 1819 575 1864 mum
596 1801 701 1864 locum
723 1802 901 1882 rejecimus,
921 1800 1096 1875 Quintiliani
1119 1798 1247 1864 oonsilio
1269 1800 1334 1879 usi3
1395 1791 1579 1873 significant,
1591 1797 1707 1860 utrivis
1722 1799 1890 1880 Romanos,·
1902 1801 2098 1882 femininum,
2113 1825 2183 1869 oum
2196 1806 2235 1870 le·

487 1899 542 1962 lib.
554 1898 637 1963 enim
651 1897 677 1979 l,
687 1919 716 1963 c.
731 1902 763 1976 l,
776 1903 839 1963 st:
856 1899 946 1964 «Nec
960 1898 1073 1977 statim,
1085 1898 1194 1981 inquit,
1208 1897 1335 1979 diligen·
1396 1890 1523 1969 minam,
1546 1899 1581 1956 ut
1597 1895 1668 1958 dois
1686 1896 1820 1961 Romarm
1826 1920 1839 1978 ,·
1859 1900 1911 1962 illa
1929 1919 1991 1965 uno
2004 1903 2155 1982 edicetivo
2169 1923 2238 1969 oon-

487 2003 552 2060 tem
569 1996 697 2080 putabo,
716 1998 769 2081 qni
790 1997 973 2080 promiscua,
993 2016 1062 2081 qnae
1080 1997 1217 2079 epiooena
1229 1995 1336 2058 dicun·
1396 1993 1481 2052 tenta
1493 1999 1580 2073 snnt3
1595 1994 1695 2077 volpes
1709 1997 1792 2060 enim
1807 1999 1998 2082 appellamus
2013 2003 2237 2086 collidentem

487 2103 553 2173 tur,
570 2095 753 2173 ostendfflqt,
768 2095 800 2158 qn
813 2096 924 2178 quibus
936 2115 1028 2160 sexus
1042 2101 1171 2179 uterque
1186 2113 1242 2177 pe,-
1253 2094 1333 2158 alto.
1395 2105 1443 2149 res
1456 2088 1589 2170 timrdos,
1602 2092 1665 2156 sive
1679 2111 1779 2159 mares
1793 2096 1856 2160 sive
1867 2095 1998 2162 feminas
2011 2099 2231 2181 significemus:

488 2192 1335 2277 rurnapparet.nQuodverumessereipsaexperiuntur
1393 2186 1459 2249 haec
1481 2187 1603 2254 duobus
1625 2191 1761 2256 articulis
1784 2200 1887 2276 egent,
1902 2196 1949 2259 dic
1965 2197 2172 2279 ettoeccioir;
2187 2203 2234 2266 illa

487 2291 624 2374 quotidie
644 2299 847 2375 preceptores
867 2312 876 2356 ε
898 2291 1025 2355 infirmis
1055 2292 1136 2356 enirn
1169 2308 1335 2373 puerorum
1395 2303 1457 2349 uno
1476 2293 1620 2352 contenta
1632 2297 1704 2354 sunt
1721 2311 1730 2355 τ
1749 2291 1796 2355 ta
1812 2294 1905 2375 lepor,
1921 2294 1982 2358 itoec
1995 2299 2107 2379 rupes.
2121 2299 2234 2384 ltaque,

487 2389 617 2469 ingeniis
639 2391 786 2453 maximas
803 2390 944 2454 tenebras
966 2389 1141 2454 offundunt.
1165 2389 1243 2452 Nem
1263 2407 1334 2453 cum
1394 2386 1533 2466 quamvis
1547 2387 1686 2470 cpiooena
1699 2409 1818 2454 marem
1837 2398 1869 2454 et
1886 2391 2033 2459 feminam
2050 2397 2232 2478 significent,

486 2487 702 2570 responderint
710 2507 826 2553 nomeu
839 2488 963 2571 aliquod
977 2509 1043 2553 esse
1057 2489 1178 2571 generis
1193 2488 1334 2570 epicoeni,
1394 2500 1456 2546 non
1474 2484 1544 2550 ideo
1564 2493 1668 2552 temen
1687 2491 1881 2574 appellantur
1899 2496 1995 2572 κοινά,
2010 2495 2070 2559 hoc
2084 2505 2147 2574 est,
2165 2517 2235 2560 corn·

485 2587 560 2650 nihil
581 2593 730 2670 preterea
750 2588 925 2652 existimant
945 2606 1115 2671 superesse,
1137 2607 1235 2672 quom
1256 2589 1334 2652 sitne
1392 2585 1935 2671 munio,sedtrnnctvo,epicoenn,hoc
1947 2594 2233 2676 estrumento,

486 2685 663 2765 masculini,
679 2704 718 2750 au
732 2685 872 2751 seminini
887 2688 1025 2768 generis,
1039 2688 1160 2770 penitus
1172 2690 1332 2769 ignorent,
1393 2683 1466 2764 quia
1479 2682 1552 2747 licet
1563 2702 1680 2750 marem
1698 2695 1730 2750 et
1743 2687 1890 2754 feminam
1909 2692 2103 2772 significent,
2119 2713 2183 2759 uno
2195 2703 2238 2760 ta·

484 2793 515 2848 et
537 2784 622 2868 quod
646 2786 746 2849 multo
774 2793 821 2850 est
845 2786 991 2864 deterius,
1016 2786 1200 2850 arbitrantur
1220 2805 1333 2851 nomen
1394 2798 1465 2843 rnen
1486 2801 1598 2863 genere
1621 2786 1814 2871 articuloque
1835 2788 1866 2852 id
1886 2789 2020 2867 faciunt,
2044 2792 2085 2855 0b
2110 2811 2236 2876 eamque

419 2911 424 2920 ·
483 2887 606 2964 generis
614 2883 781 2967 promiscui
791 2884 994 2948 masculinum
1003 2884 1052 2947 vel
1063 2884 1245 2949 femininum
1254 2903 1331 2964 esse,
1394 2899 1516 2944 causam
1545 2901 1609 2948 non
1631 2891 1705 2948 suni
1727 2887 1817 2968 plane
1844 2891 2031 2954 communia·
2058 2889 2235 2971 ὓὶθωθῦὅι

483 2990 575 3064 prout
584 2981 696 3064 coique
709 2982 881 3047 collibitum
888 2983 994 3062 luerit,
1006 2991 1099 3067 atque
1108 2985 1149 3047 ita
1159 2984 1334 3067 promiscua
1393 2979 1414 3040 l.
1431 2978 1457 3057 l,
1470 3000 1501 3062 p.
1517 2983 1594 3061 ato,
1612 2984 1766 3064 ἐπίκοινον,
1784 2986 1816 3049 id
1837 2995 1900 3066 est,
1919 2990 2094 3071 epicoenum
2112 2992 2237 3054 adcom-

483 3100 556 3144 curn
569 3080 669 3144 dubiis
683 3080 878 3163 confundunt
897 3083 1156 3166 permiscentque.
1172 3083 1230 3158 Qui
1243 3083 1334 3165 igitur
1392 3099 1478 3142 mune
1491 3081 1718 3164 interpretatur,
1734 3085 1786 3148 ubi
1802 3089 1977 3170 praepositio
1990 3109 2088 3170 graeca
2100 3092 2155 3170 ἐπί,
2171 3112 2237 3174 que

483 3179 659 3244 auditorum
674 3179 796 3243 utilitati
812 3180 896 3245 volet
910 3183 1091 3260 consulere,
1108 3201 1232 3245 cursum
1246 3182 1286 3245 de
1299 3199 1332 3244 re
1393 3178 1547 3242 interdum
1575 3182 1625 3243 sot
1649 3183 1815 3264 significat,
1843 3185 1963 3250 videtur
1984 3189 2236 3270 significationem

483 3297 593 3362 purum
607 3279 676 3343 utili
687 3278 789 3343 faciet.
806 3280 896 3346 llodo
910 3281 992 3344 enim
1005 3300 1082 3363 puer
1099 3283 1175 3346 sciat
1189 3281 1331 3366 quitum,
1393 3277 1593 3360 imminuere,
1607 3286 1642 3343 ut
1656 3282 1739 3363 apud
1752 3300 1809 3346 nos
1823 3284 1888 3362 sod,
1906 3287 2238 3368 comminatique

483 3375 567 3439 verbi
580 3395 687 3456 causa,
701 3387 835 3441 noctuam
842 3425 853 3457 ,
867 3399 1048 3458 murenam,
1066 3381 1195 3463 volpem,
1208 3379 1331 3459 generis
1391 3376 1763 3462 [epicoenomena
1778 3390 1809 3446 et
1821 3383 1881 3448 alia
1894 3384 1926 3447 id
1940 3403 2038 3466 genus
2048 3388 2159 3452 multa.

485 3495 551 3539 esse
569 3475 724 3557 feminini,
746 3485 895 3540 turturem
914 3496 998 3556 vero,
1014 3481 1174 3557 onitoren,
1189 3481 1328 3561 tepores,
1433 3473 1487 3538 Est
1509 3475 1600 3539 etiam
1620 3479 1784 3543 discrimen
1807 3482 1887 3545 inter
1907 3483 2044 3565 epicoena
2063 3495 2095 3549 et
2112 3506 2150 3550 es
2171 3509 2239 3572 quae

482 3575 660 3653 maumam,
674 3576 846 3656 masculini,
865 3577 950 3660 parvi
969 3576 1064 3640 refert
1083 3577 1108 3641 si
1129 3579 1249 3658 ignoret
1262 3597 1328 3641 esse
1392 3572 1477 3636 dubii
1491 3575 1611 3656 generis
1628 3578 1838 3660 appellantur3
1854 3581 1919 3645 haec
1936 3583 2019 3646 enim
2036 3590 2103 3648 torn
2117 3604 2239 3650 mascu-

484 3673 631 3756 epicoena.
649 3673 754 3758 ltaque
764 3693 836 3738 cnm
846 3683 974 3756 rogatos
987 3676 1045 3740 tiro
1058 3677 1147 3755 cujus
1160 3679 1280 3759 generis
1292 3679 1330 3741 sit
1392 3672 1501 3752 linum,
1515 3682 1582 3738 tum
1594 3674 1778 3742 femininum
1790 3681 1976 3761 adjectivum
1990 3684 2142 3765 recipiunt
2149 3735 2160 3766 ,
2176 3705 2239 3749 ma-

484 3775 566 3854 tepm
578 3779 632 3835 aut
644 3793 720 3851 mos,
739 3774 931 3855 responderit
950 3792 1016 3837 esse
1036 3776 1156 3855 generis
1168 3775 1270 3852 virilis,
1291 3777 1330 3840 sit
1392 3778 1484 3834 nente
1497 3773 1608 3837 eadem
1621 3778 1987 3862 prorsussiqnificatione,
2003 3789 2038 3846 ut
2050 3783 2112 3846 dies
2124 3785 2241 3848 tedre-

484 3870 628 3951 magister
645 3871 704 3935 hac
720 3872 918 3954 responsione
932 3878 1105 3950 contentus,
1120 3891 1222 3957 neque
1235 3875 1328 3938 ollam
1391 3891 1446 3934 nur
1468 3879 1500 3936 et
1523 3874 1685 3954 hodierum
1711 3879 1824 3961 torquis
1850 3899 1956 3943 carcre
1981 3887 2012 3944 et
2037 3902 2147 3962 aorem
2175 3884 2238 3965 illa,

484 3969 577 4032 saciat
589 3970 779 4035 mentionem
795 3971 962 4053 promiscui
981 3977 1035 4035 aot
1050 3972 1179 4054 epicoeni
1192 3975 1327 4055 generis;
1392 3989 1489 4037 unum
1503 3979 1624 4038 tantum
1640 3999 1647 4040 :
1663 3976 1710 4040 his
1731 3978 1794 4042 dno
1815 3979 1934 4042 articuli
1957 3980 2100 4061 disjuncti
2120 4002 2239 4066 praepo

484 4068 556 4131 satis
568 4068 652 4131 enirn
666 4087 820 4151 superque
842 4070 900 4132 erit
916 4071 1011 4134 semel
1032 4090 1105 4134 eom
1122 4073 1262 4137 docuisse
1276 4092 1331 4138 no
1391 4079 1517 4150 nentur,
1530 4073 1632 4136 tresel
1644 4074 1705 4138 trec
1715 4075 1788 4154 dies,
1801 4078 1934 4160 temnis,-
1946 4077 2005 4142 iilis
2015 4097 2094 4143 nnus
2105 4089 2239 4160 tantum,

485 4164 567 4229 mina
589 4166 717 4249 epicoeni
738 4168 859 4249 generis
877 4187 955 4247 esse,
973 4189 1043 4252 que
1063 4188 1127 4235 uno
1144 4190 1258 4253 genere
1279 4179 1334 4237 aut
1391 4171 1437 4233 tic
1456 4172 1549 4252 lepor,
1571 4173 1633 4236 tor
1651 4176 1763 4256 volpes.
1787 4175 1946 4240 Nonnulla
1957 4179 2132 4260 promiscua
2147 4182 2239 4246 etiarn

484 4263 615 4328 articulo
639 4271 804 4349 utromque
829 4285 938 4331 serunt
959 4269 1332 4350 comprehendensque
1391 4275 1462 4332 sunt
1474 4269 1594 4350 generis
1611 4271 1720 4336 incerti
1738 4271 1818 4336 inter
1836 4275 2042 4339 masculinnm
2062 4283 2094 4339 et
2116 4278 2239 4342 lemini-

484 4363 566 4446 tepm
578 4381 690 4444 genere
704 4364 892 4443 masculino,
911 4366 1004 4430 etiam
1022 4366 1160 4450 leporem
1182 4367 1330 4435 feminam
1392 4386 1480 4447 num,
1501 4370 1673 4450 cojnnnodi
1694 4376 1767 4433 sunt
1784 4370 1885 4453 dama,
1907 4375 2005 4455 talpa,
2022 4395 2105 4457 prm,
2126 4379 2198 4441 lien
2210 4385 2240 4442 et

483 4463 728 4546 comprehendit.
744 4463 859 4547 Vulpes
867 4483 980 4546 genere
992 4465 1154 4547 feminino,
1163 4470 1256 4532 etiarn
1266 4473 1333 4536 rol·
1391 4485 1490 4549 pauca
1503 4467 1577 4549 elia3
1587 4469 1653 4532 hac
1666 4470 1831 4534 enimcum
1843 4472 1938 4536 modo
1946 4472 2007 4536 sint
2014 4476 2138 4554 generis
2152 4476 2240 4541 lemi-

484 4579 557 4643 pem
571 4579 688 4626 marem
702 4563 949 4646 comprehendit.
969 4565 1043 4640 Qua
1061 4585 1133 4630 cunr
1148 4569 1190 4630 ita
1206 4571 1281 4648 sint,
1300 4571 1332 4634 hi
1391 4566 1473 4644 nini,
1488 4566 1582 4631 modo
1596 4567 1777 4646 masculini,
1791 4576 1937 4635 manente
1957 4571 2065 4636 eadem
2085 4574 2240 4656 significa·

484 4661 547 4727 duo
556 4660 698 4725 versiculi
707 4666 827 4725 tautum
839 4662 952 4728 docent
961 4665 1035 4747 quid
1047 4665 1086 4728 sit
1098 4685 1212 4731 nomen
1221 4670 1332 4752 epiooe-
1390 4666 1486 4744 tione,
1502 4667 1610 4730 incerti
1625 4673 1698 4731 sunt
1709 4668 1846 4751 generis,
1859 4677 1932 4734 sunt
1947 4671 2039 4734 etiam
2049 4675 2239 4755 pnmiscua,

485 4778 559 4824 num
574 4766 629 4823 aut
643 4761 873 4842 promiscuum,
887 4779 951 4827 non
960 4782 1033 4827 vero
1044 4765 1133 4845 cujus
1142 4768 1263 4846 generis
1276 4770 1314 4834 sit
1318 4788 1329 4851 3
1391 4766 1462 4847 quia
1476 4783 1540 4829 uno
1554 4773 1773 4848 generantque
1792 4768 1922 4832 articmo
1941 4777 2108 4854 utromque
2130 4793 2239 4839 sexum

484 4858 516 4922 id
529 4858 611 4922 enirn
625 4859 846 4941 preceptiones
860 4860 925 4940 jam
942 4863 1061 4927 tradite
1079 4863 1203 4929 docent.
1219 4870 1331 4950 Aquita
1390 4866 1649 4947 complectuntur.

483 4975 631 5042 namque,
644 4958 890 5042 exemplicausa,
899 4958 1081 5025 femininum
1096 4971 1152 5041 est,
1162 4966 1234 5047 qnia
1244 4967 1329 5032 litera

485 5076 505 5118 o
528 5056 724 5139 terminatur3
744 5057 850 5120 malcus
866 5076 941 5123 vero
957 5059 1182 5139 masculinum,
1201 5065 1273 5146 quia
1296 5086 1330 5128 or
1443 5061 1524 5131 178.
1542 5070 2240 5156 mnuscpiooenumexhomioomignorntioos

484 5153 601 5238 syllaba
613 5153 730 5235 linitur,
744 5161 837 5239 atque
850 5157 890 5220 de
900 5158 1017 5222 canteris
1030 5160 1141 5223 eodem
1152 5163 1257 5227 modo.
1391 5172 1494 5230 ortum
1500 5175 1546 5232 est
1555 5169 1733 5234 :comenim
1741 5171 1908 5235 multarum
1921 5171 2126 5238 animantium
2139 5195 2241 5240 mares

524 5251 671 5334 Epicoena
695 5273 713 5315 a
735 5255 950 5320 communibus
971 5257 1138 5339 plurimum
1158 5260 1328 5327 differunt:
1389 5265 1542 5330 aleminis
1554 5287 1714 5333 secernere
1732 5279 1764 5334 et
1782 5270 1987 5336 internoscere
2000 5273 2180 5354 nescirent,
2193 5278 2240 5340 vel

483 5349 550 5413 haec
575 5350 658 5415 enim
683 5353 844 5416 masculini
869 5354 960 5418 simoi
986 5361 1017 5425 et
1043 5355 1183 5422 feminini
1210 5361 1329 5442 generis
1388 5365 1461 5448 quia
1474 5384 1523 5429 res
1537 5374 1645 5451 suapte
1661 5374 1768 5431 nature
1781 5368 1911 5433 difficilis
1925 5377 2004 5450 erat,
2019 5371 2069 5436 vel
2083 5375 2164 5455 quia
2177 5377 2241 5439 sni-

484 5455 570 5528 sunt;
595 5449 646 5513 illa
668 5451 827 5518 masculini
855 5459 976 5522 tantum
999 5459 1052 5522 aut
1073 5453 1210 5522 feminini
1231 5476 1241 5526 t
1262 5459 1329 5526 hnc
1388 5470 1506 5530 mantes
1519 5464 1550 5526 in
1565 5483 1623 5530 usu
1636 5465 1807 5534 domestico
1820 5484 1884 5536 non
1899 5476 1999 5547 eram,
2012 5470 2111 5534 altero
2124 5491 2239 5554 genere
