4680 6166
403 667 427 746 6
909 699 922 720 ·
1012 690 1055 745 ou
1082 691 1245 744 uouruuu
1273 687 1539 744 naccinanouc.

457 828 616 927 Taunus,
648 850 791 909 nomen
824 823 1095 907 declinationis
1129 825 1271 926 tertiae,
1300 824 1452 934 generis
1478 823 1624 926 neutri,
1661 823 1814 904 numeri
1846 821 2069 930 singularis,
2099 818 2152 900 sic

405 953 660 1034 declinabitur
681 984 690 1033 ε

711 1110 929 1192 Stnpulart'ter.
1635 1105 1815 1170 pluraliter.

401 1248 517 1328 Nom.
681 1247 755 1327 hoc
782 1247 964 1351 Tempus,
1308 1245 1425 1326 Nom.
1689 1243 1892 1346 Tempora.

403 1372 495 1452 Gen.
784 1369 996 1476 Temporis.
1130 1415 1134 1424 ·
1310 1371 1402 1451 Gen.
1690 1369 1939 1471 Temporum.

402 1497 491 1578 Dat.
783 1493 980 1601 Tempori.
1308 1495 1397 1576 Dat.
1690 1491 1958 1598 Temporibus.

401 1626 489 1701 Acc.
783 1620 965 1724 Tempus.
1308 1625 1396 1700 Ace.
1689 1621 1894 1725 Tempora.

412 1748 495 1827 Voc.
735 1771 757 1824 o
785 1744 968 1848 Tempus.
1319 1747 1404 1825 Voc.
1641 1746 1895 1850 oTempora.

402 1873 487 1950 Abl.
732 1895 755 1948 a
782 1869 985 1974 Tempore.
1266 1938 1272 1950 .
1307 1873 1392 1951 Abl.
1643 1897 1665 1950 a
1692 1868 1959 1976 Temporibus.

456 2031 538 2112 Hoc
552 2044 700 2135 ternpus
714 2032 878 2110 brevoin.
1047 2119 1054 2132 ⁶
1362 2031 1446 2126 Hoc
1459 2058 1598 2112 nomen
1612 2032 1769 2113 celebre.

456 2157 932 2262 Hoctempuopretaosum.
1359 2159 1443 2240 Hoc
1452 2160 1598 2266 flumen
1613 2159 1810 2264 rapidum.

457 2283 541 2362 Hoc
555 2295 701 2388 tempus
713 2284 841 2362 aelon.

461 2447 620 2539 Planus,
647 2468 790 2524 nomen
814 2441 1085 2522 declinationis
1107 2443 1239 2540 teniae,
1260 2442 1414 2550 generis
1431 2442 1663 2544 communis,
1687 2442 1841 2524 numeri
1861 2437 2080 2549 singularis,
2103 2435 2156 2516 sic

407 2570 664 2656 declinabitur
681 2603 689 2651 :

715 2729 933 2812 Sinyularitcr.
1637 2729 1818 2792 Plurolt'tcr.

407 2870 523 2951 Nom.
552 2868 763 2951 hiccthaec
790 2867 947 2948 Parcus.
1314 2864 1429 2945 Nom.
1697 2866 1891 2946 Parentes.

409 2996 500 3078 (ico.
789 2989 995 3074 Parentis.
1316 2990 1407 3070 (ico.
1696 2991 1920 3072 Parentum.

409 3121 499 3202 Dat.
792 3116 959 3198 Parenti.
1314 3115 1406 3197 Dat.
1697 3113 1938 3195 Parentibus

365 3249 367 3258 '
409 3249 499 3328 Acc.
791 3246 1012 3324 Parentem.
1315 3245 1403 3321 Aac.
1698 3241 1892 3320 Parentes.

421 3373 505 3451 Voc.
744 3395 766 3448 o
793 3371 947 3449 Parens.
1320 3367 1408 3447 Voc.
1646 3392 1669 3446 o
1697 3367 1894 3446 Parentes.

411 3498 495 3578 ΑΜ.
743 3521 766 3574 a
791 3496 969 3574 Parente.
1316 3493 1402 3574 All.
1651 3518 1673 3571 a
1701 3489 1943 3574 Parentibus.

466 3655 802 3736 Hz‘cetdoecceba'o.
1260 3647 1289 3764 Ι
1371 3652 1734 3733 Ha'cetboecbootu.
1782 3645 1784 3649 ’

672 3816 725 3880 llis
744 3817 917 3880 nominibus
937 3815 1091 3881 adduntur
1111 3816 1257 3899 adjectiva
1277 3835 1339 3881 non
1360 3818 1558 3899 conjunctim,
1581 3817 1634 3880 sed
1655 3817 1827 3899 separatim3
1848 3821 1903 3880 ut:

468 3956 543 4035 Hic
557 3960 648 4034 rioci·
661 3981 854 4035 amanus.
1015 4001 1022 4012 -
1287 3957 1292 4055 l
1371 3955 1465 4035 Hoec
1480 3959 1569 4038 aaa
1582 3981 1758 4035 romana.

455 4117 620 4194 Quorsum,
634 4115 728 4193 dices,
741 4116 807 4179 baec
821 4113 939 4180 format
953 4115 1034 4178 Num
1051 4115 1138 4178 aliter
1154 4135 1262 4196 parcns
1318 4117 1458 4198 quaedam
1472 4116 1596 4182 nomina
1608 4117 1727 4198 generis
1736 4113 1923 4194 communis;
1939 4113 1969 4176 id
1979 4111 2063 4198 quod
2073 4111 2163 4176 etiam

416 4215 580 4280 inflectitur
590 4231 684 4295 qnam
698 4213 811 4276 ammo?
824 4213 893 4276 Non
907 4213 1031 4295 quidem
1039 4231 1050 4292 ;
1066 4213 1120 4274 scd
1138 4219 1184 4290 ut,
1197 4215 1262 4292 jam
1320 4233 1337 4276 a
1351 4215 1505 4278 veteribus
1518 4215 1721 4296 grammaticis
1734 4207 1920 4296 accepimns.

361 4397 362 4400 Ἴ
416 4313 486 4376 inde
500 4313 539 4375 ab
553 4312 618 4394 ipso
631 4311 782 4388 tirocinio,
792 4309 961 4390 intelligant
969 4310 1187 4374 adolescentuli
1197 4327 1262 4372 esse
1277 4383 1280 4394 ,

937 4642 1193 4750 Qunam
1234 4643 1632 4739 DECLINATIO

475 4851 513 4933 6.
546 4850 694 4951 Sauara,
718 4876 861 4932 nomen
882 4851 1150 4933 declinationis
1169 4860 1328 4957 quartae,
1351 4855 1506 4960 generis
1525 4855 1746 4956 masculini,
1772 4853 1923 4935 numeri
1946 4851 2164 4961 singularis,

422 4976 476 5055 sic
495 4977 751 5057 declinabitur
770 5009 777 5056 :

1181 5138 1395 5219 stapulas-tter.

422 5271 539 5349 Nom.
716 5271 777 5352 bic
807 5273 962 5352 Sensus.
1326 5277 1413 5353 dcc.
1711 5273 1888 5352 Sensum.

424 5395 515 5475 een.
808 5397 963 5477 Sensus.
1337 5399 1422 5478 Voc.
1660 5425 1682 5478 o
1710 5399 1866 5479 Sensus.

423 5520 512 5601 Dat.
806 5521 957 5602 Sensui.
1329 5524 1412 5602 All.
1661 5551 1684 5604 a
1711 5525 1850 5606 Sensu.
