4630 6164
512 550 699 606 canussnus
719 511 858 604 OMNIUM
877 545 1068 600 VERBORUH
1088 547 1403 602 constructiones,
1756 527 1831 606 313

94 705 151 750 aem
166 690 209 766 (l)
230 685 424 750 attulisset.'r
446 683 536 759 lbld„
557 682 653 762 llll,
668 702 698 746 c.
711 684 762 758 lt,
777 683 816 744 50
832 698 841 743 ε
858 703 874 741 a
890 676 932 755 Si,
991 678 1143 742 rationem
1156 679 1388 755 inveniestluid
1401 699 1487 762 ergo,
1499 682 1631 764 inquies,
1641 702 1703 748 non
1715 691 1834 751 constat

94 785 222 867 exempli
228 785 335 865 pratia,
343 779 734 847 vtbonmatlteraadria
740 777 929 864 protectus.»
991 775 1047 840 sibi
1058 775 1098 839 ll.
1111 774 1244 841 Tullius?
1260 777 1291 840 Si
1300 778 1392 860 paulo
1403 780 1549 843 attentius
1561 799 1630 863 quae
1643 781 1753 847 dixerit
1762 802 1837 849 con·

95 881 191 946 ibid:
209 881 271 946 «si
290 881 376 945 idem
396 880 473 944 sciat
493 881 669 962 complures
689 883 875 942 mercatores
898 875 934 938 ab
991 874 1116 954 sideres,
1140 876 1229 958 plane
1243 875 1393 958 intelliges
1410 895 1472 942 non
1492 897 1556 942 esse
1575 882 1622 943 sui
1644 880 1834 948 dissimilem.

94 979 279 1044 Alexandria
292 980 335 1059 (i)
346 979 508 1043 solvisse.»
524 976 623 1054 ldcm,
637 975 715 1039 Phil.
728 975 795 1052 llll,
809 996 838 1039 c.
850 977 882 1054 2,
892 978 932 1038 l:
990 973 1138 1051 Primum,
1160 989 1223 1036 non
1245 971 1402 1036 confessus
1426 979 1473 1036 est
1489 980 1594 1056 aperte
1615 983 1776 1058 peccatum
1790 981 1835 1042 vi·

98 1076 233 1140 silesia
246 1075 503 1158 Mutinaquidcm
515 1073 683 1152 recesserit,
697 1072 858 1137 audiemus
870 1072 935 1134 An·
992 1072 1129 1153 tiumque
1153 1089 1220 1134 esse
1242 1070 1484 1154 prepositionem
1507 1071 1618 1136 addere
1642 1092 1655 1136 :⁴
1672 1075 1834 1156 Nostrum,

94 1174 256 1238 toniumt»
272 1173 349 1236 lbid.
361 1191 370 1236 ι
384 1196 400 1234 ι
412 1171 540 1237 lleoedit
549 1172 642 1253 igitur
656 1192 675 1234 a
687 1171 855 1235 Mattiaci»
873 1169 934 1233 Sed
993 1171 1104 1254 iuquit,
1117 1170 1242 1254 quidem
1261 1170 1286 1234 si
1297 1176 1345 1234 est
1356 1178 1517 1250 peccatum
1522 1187 1533 1250 3
1544 1170 1657 1236 deinde
1669 1175 1712 1237 cit
1730 1193 1763 1238 se
1780 1175 1837 1239 Te-

95 1270 163 1354 quid
175 1290 254 1354 opus
269 1270 408 1354 pluribus
421 1270 623 1335 testimoniis?
635 1269 735 1361 liuius
754 1269 845 1334 tertio
858 1286 936 1351 quo·
992 1270 1143 1345 rentium,
1171 1269 1325 1349 elegantiae
1349 1269 1603 1333 studiosissimum
1624 1271 1837 1356 optimumque

96 1389 151 1452 que
175 1368 271 1433 verbo
290 1368 535 1452 praepositionem
557 1367 636 1432 solet
656 1366 782 1446 addere,
803 1367 936 1430 maxime
994 1366 1147 1430 latinitetis
1157 1371 1326 1444 auctorem,
1336 1371 1488 1430 secutum.
1500 1366 1548 1429 Ad
1561 1373 1745 1446 extremum,
1755 1388 1838 1452 que·

95 1468 233 1546 ablativo,
260 1485 333 1531 curn
356 1473 460 1531 motos
477 1468 578 1533 eloco
598 1466 798 1548 significatur.
824 1465 938 1542 Livius,
994 1463 1123 1528 stioncm
1145 1463 1322 1526 solvendam
1344 1463 1522 1546 nodumque
1544 1465 1759 1546 explicandum
1772 1468 1840 1532 reli-

95 1565 116 1629 l.
132 1564 216 1641 lllll,
239 1584 268 1628 c.
285 1567 348 1629 la:
371 1565 501 1648 elegati
515 1565 647 1629 Romani
660 1563 696 1627 cb
712 1562 894 1647 Cartbapine
906 1565 938 1626 in
995 1561 1061 1644 quit
1084 1560 1186 1624 Attico
1207 1569 1354 1643 tanquam
1377 1563 1594 1642 grammatico,
1615 1565 1743 1646 perinde
1757 1585 1794 1631 ac
1814 1568 1841 1631 si

96 1661 266 1744 llisprniam
285 1651 513 1744 trajecerunt.»
537 1662 636 1741 idem,
649 1663 672 1726 l.
686 1661 813 1739 xllxll,
829 1681 857 1726 c.
870 1663 911 1726 lb
928 1680 936 1725 :
996 1659 1130 1722 diceret:
1144 1657 1203 1732 Qui
1215 1658 1255 1721 ed
1277 1660 1544 1739 grammaticorum
1558 1680 1698 1726 normam
1710 1665 1841 1748 loquun-

99 1760 242 1826 «Attalns
253 1761 290 1824 ct
304 1763 396 1843 Arpis
408 1761 572 1844 Sycionem
586 1760 835 1844 estprolectus.»
852 1761 938 1825 ldem
996 1763 1058 1834 tur,
1085 1756 1328 1839 prepositiouem
1349 1758 1501 1822 declinare
1506 1775 1516 1838 3
1535 1761 1675 1842 quivero
1696 1765 1842 1828 orationis

95 1879 172 1942 sepe
182 1859 224 1923 cd
236 1860 481 1942 prepositioncm
492 1861 582 1924 etiam
591 1860 726 1924 adhibet.
742 1860 776 1924 L.
785 1858 823 1937 V,
835 1878 865 1923 c.
877 1863 938 1923 le:
998 1854 1118 1919 ornatui
1133 1865 1165 1917 et
1183 1853 1342 1935 elegantiae
1356 1855 1501 1934 serviunt,
1518 1877 1587 1921 eam
1608 1859 1734 1925 minime
1748 1861 1844 1926 relor-

99 1957 198 2020 clnde
220 1957 262 2020 cd
279 1957 364 2020 Veios
384 1959 535 2022 exercitus
555 1960 705 2023 ductast
732 1957 823 2037 loll„
848 1977 878 2021 c.
894 1959 938 2020 8:
998 1955 1125 2018 midare.

99 2055 196 2118 «Cum
205 2055 388 2120 exercitibus
399 2057 592 2140 necopinato
601 2055 642 2120 od
654 2057 935 2122 Veiocaccessere.»
1037 2052 1147 2114 Domus
1156 2070 1376 2135 nonnunquam
1385 2053 1478 2116 etiam
1490 2055 1720 2136 prepositiones
1734 2059 1844 2123 admit·

134 2151 220 2216 llicet
237 2153 288 2217 bic
301 2151 427 2217 tortasse
443 2153 551 2236 aliquis
565 2153 606 2217 cd
618 2153 669 2218 bic
682 2155 940 2237 propinquitatem
998 2152 1045 2213 tit.
1058 2150 1183 2230 Plinius,
1199 2151 1220 2213 l.
1239 2149 1306 2229 llll,
1320 2169 1370 2232 cp.
1392 2155 1443 2230 lb,
1457 2154 1488 2228 2,
1504 2153 1544 2215 ad
1557 2153 1661 2217 Fabat.
1678 2175 1686 2218 :
1707 2157 1800 2238 «Ego
1813 2160 1844 2221 in

95 2248 315 2332 adsignificare.
330 2251 412 2314 Audi
425 2251 570 2316 eumdem
590 2251 708 2316 livium
722 2252 841 2316 sublata
861 2271 939 2335 prae·
999 2249 1084 2312 villas
1105 2251 1172 2329 eius
1192 2267 1272 2331 saepe
1295 2249 1421 2328 secessi;
1438 2248 1489 2314 ille
1511 2252 1542 2312 ia
1568 2250 1653 2314 domo
1676 2271 1746 2316 mea
1764 2273 1844 2337 saepe

95 2347 256 2428 positione,
272 2347 355 2412 idem
378 2368 502 2431 prorsus
525 2349 726 2430 significasse3
745 2350 834 2429 ibid,
849 2370 878 2414 c.
895 2356 912 2412 l
931 2370 940 2414 z
1000 2345 1197 2410 convaluit.»
1214 2345 1325 2424 Livius,
1339 2344 1360 2407 l.
1375 2345 1484 2424 xxltl,
1503 2365 1531 2409 c.
1551 2350 1589 2411 8:
1609 2348 1683 2411 «Ab
1697 2349 1782 2414 domo
1795 2371 1847 2416 ve-

99 2444 592 2510 «Voluntariusductusexercitus
610 2447 727 2510 Veios»)
745 2447 841 2512 ibid:
856 2449 942 2512 «Seu
1001 2447 1121 2505 nerunt.
1137 2465 1152 2502 r
1175 2443 1291 2522 Cicero,
1306 2442 1332 2506 ll
1353 2439 1450 2520 rut,
1465 2463 1494 2508 c.
1510 2448 1560 2521 ll,
1576 2447 1639 2510 35:
1665 2446 1739 2511 «nd
1753 2467 1847 2531 quem

100 2541 191 2620 Veios,
205 2561 262 2607 seu
276 2562 340 2625 quo
353 2543 413 2608 olio
425 2543 539 2608 ducere
552 2545 655 2607 velint.
671 2568 687 2606 ι
706 2545 798 2609 Vides
810 2553 846 2609 ut
859 2545 942 2610 idem
1001 2541 1113 2604 edoma
1139 2541 1261 2604 Caesaris
1282 2549 1346 2604 tam
1370 2542 1468 2605 multa
1490 2543 1590 2605 delata
1613 2551 1724 2607 sunt.»
1747 2545 1846 2625 ldem,

94 2639 281 2721 significetur
294 2641 396 2706 addita
407 2643 457 2706 rel
468 2643 606 2707 detracta
619 2644 843 2727 praepositione.
859 2645 890 2708 Si
904 2644 944 2707 od
1002 2639 1139 2717 Tuscul,
1158 2640 1180 2701 l.
1195 2638 1233 2718 V,
1252 2659 1280 2702 c.
1296 2645 1327 2717 l,
1343 2643 1402 2703 lo:
1428 2663 1443 2700 a
1457 2639 1596 2704 Socrates
1610 2647 1714 2706 autem
1732 2644 1848 2726 primus

43 2801 52 2818 ‚
96 2738 354 2821 propinquitatem
367 2739 599 2821 adsignificaret,
623 2760 686 2806 non
700 2742 824 2807 dixisset
837 2742 945 2808 Cicero
1002 2738 1222 2822 philosophiam
1233 2738 1392 2801 devocavit
1401 2758 1418 2802 e
1428 2739 1518 2814 coelo,
1532 2739 1600 2803 etin
1616 2739 1740 2805 urbibus
1752 2742 1849 2808 collo-

94 2853 154 2916 μω
164 2834 283 2914 Plane,
295 2855 324 2900 c.
339 2841 389 2915 tl,
404 2840 444 2900 97
461 2857 470 2901 :
490 2839 720 2904 «Brundesium
733 2842 815 2922 veni,
826 2843 875 2906 vel
889 2860 945 2924 po·
1004 2837 1094 2916 cavit,
1109 2843 1140 2898 et
1153 2837 1184 2898 ia
1198 2835 1295 2898 domos
1305 2835 1398 2898 etiam
1412 2836 1588 2900 introduxit.
1600 2859 1615 2897 a
1629 2837 1757 2918 Seneca,
1772 2840 1794 2902 l.
1807 2840 1850 2918 ll,

92 2933 157 2994 tius
167 2931 206 2996 ad
216 2933 328 2997 moenia
347 2936 429 3014 (3).a
446 2936 525 3000 Satis
536 2936 619 3000 enim
633 2943 733 3001 esset:
749 2938 790 3001 ad
802 2939 946 3002 Brundu·
1004 2934 1109 2998 Contr.
1120 2936 1158 2997 9:
1174 2957 1189 2994 a
1201 2932 1268 3014 Ego
1276 2935 1307 2995 t'n
1317 2932 1435 2996 domam
1443 2943 1575 2998 vestram
1583 2935 1737 3000 intrabo»
1752 2937 1848 3002 lbid.:

94 3029 173 3091 siun
196 3031 278 3094 reni.
301 3031 417 3096 Plinius
442 3032 686 3116 frequentissime
713 3038 947 3119 prepositiones
1009 3031 1122 3095 «Dabo
1136 3049 1271 3113 operam,
1289 3030 1373 3113 quod
1386 3032 1418 3093 tir
1430 3037 1482 3094 tua
1500 3031 1585 3094 domo
1598 3032 1778 3114 facillimum
1792 3043 1849 3116 est,

92 3125 193 3205 addit,
207 3129 341 3192 maxime
365 3149 438 3194 cum
451 3132 662 3198 motuseloco
676 3133 833 3215 significat,
853 3136 946 3201 inter·
1006 3137 1040 3195 nt
1062 3129 1221 3194 abdicent
1238 3128 1316 3192 lbid.
1334 3147 1343 3192 ι
1362 3128 1512 3212 «Aliquid
1532 3130 1563 3191 ia
1584 3130 1669 3194 domo
1689 3132 1851 3217 locupletis

94 3224 174 3287 dum
189 3225 487 3311 etiamcumquies3
502 3231 689 3310 l.llXXl,c.
705 3236 767 3312 8,l
787 3253 797 3298 ι
814 3236 947 3318 chna-
1005 3228 1233 3309 nonagendum
1246 3245 1377 3308 agam.»
1489 3210 1497 3274 Ι

93 3341 170 3384 rum
189 3324 292 3406 culpa,
312 3326 344 3387 in
364 3325 498 3390 Troezette
512 3329 650 3392 omnium
673 3333 771 3414 pedes
788 3333 858 3396 vitia
881 3353 949 3398 sen.
1045 3325 1115 3390 Non
1127 3325 1229 3390 Solum
1248 3324 1350 3399 verbu,
1367 3324 1422 3386 sed
1435 3323 1528 3387 etiam
1549 3327 1673 3389 nomina
1697 3327 1850 3393 interdum

93 3419 190 3483 fiunt·
206 3441 222 3479 ⁸
237 3419 338 3499 idem,
350 3421 373 3486 l.
387 3423 540 3505 XXXVII,
553 3445 581 3491 c.
596 3431 646 3505 al,
661 3434 677 3492 l
692 3447 701 3492 ε
719 3430 946 3496 «Inveniuntur
1007 3441 1097 3488 casus
1110 3439 1290 3486 communes
1311 3420 1437 3484 habent.
1457 3422 1565 3498 Caesar,
1580 3422 1665 3488 bello
1680 3424 1770 3502 Gall,
1787 3427 1809 3489 l.
1824 3425 1850 3505 l,

91 3518 309 3600 compluribus
316 3521 383 3584 aliis
393 3523 468 3586 locis
475 3524 555 3587 sicut
567 3526 688 3589 inParo
695 3533 727 3590 ot
739 3530 849 3593 Amo.»
865 3530 951 3612 Lege
1009 3541 1037 3586 c.
1050 3527 1090 3586 t:
1108 3520 1259 3602 allatique
1265 3519 1379 3601 private
1386 3519 1511 3582 aedllicia
1520 3507 1703 3592 incenderim
1717 3519 1855 3588 frumen·

92 3613 261 3695 omrem,
278 3616 427 3697 Curtium,
446 3622 528 3704 apud
546 3641 625 3704 quos
642 3625 784 3689 eamdem
803 3628 951 3711 loquendi
1009 3629 1075 3684 tum
1097 3637 1201 3697 omne,
1225 3623 1335 3702 praeter
1346 3616 1430 3699 quod
1452 3637 1559 3682 secum
1584 3622 1730 3701 portaturi
1753 3628 1852 3698 erant,

1010 3717 1209 3793 comburunt,
1221 3721 1266 3794 nt,
1281 3715 1398 3777 domam
1412 3715 1567 3779 reditrbais
1583 3735 1637 3799 spa
1650 3717 1781 3798 sublata,
1801 3740 1855 3804 pc-

1010 3815 1135 3879 retiores
1148 3814 1186 3877 ad
1204 3814 1307 3877 omnia
1316 3805 1452 3895 pericula
1467 3813 1626 3900 subeunda
1639 3824 1778 3881 essent.»
1802 3819 1855 3881 Gi·

127 3867 169 3930 (l)
186 3865 300 3918 orellius
310 3874 338 3920 et
347 3868 468 3921 Teubner
480 3872 603 3924 omittunt
616 3875 655 3926 ta.
1011 3930 1095 3990 cem,
1115 3912 1154 3974 pp
1167 3911 1259 3988 Phil,
1286 3929 1315 3974 ο,
1337 3913 1368 3988 1,
1390 3913 1433 3972 3:
1463 3910 1620 3974 «cusum,
1644 3913 1805 3995 capitalem
1824 3922 1856 3980 et

125 3943 167 4012 (Pl
187 3945 301 3999 brettias
314 3953 342 3998 et
356 3948 496 4002 'leubncrz
510 3951 687 4018 Alexandria,
700 3962 812 4023 utroque
825 3959 893 4014 loco.
1079 4011 1085 4024 ,
1392 4008 1399 4022 ,
1683 4011 1702 4024 „
1789 4014 1794 4025 ,

124 4025 170 4090 (3)
195 4025 320 4091 ll'tlllret,
342 4027 507 4094 ballemand,
532 4031 644 4097 limesti,
667 4035 796 4104 Lemalre,
820 4041 899 4094 Orelli
924 4050 952 4096 et
1009 4009 1220 4094 P⁰³i¹s0fflffl⁰
1242 4007 1494 4072 mmmmm
1514 4009 1555 4073 Μ·
1579 4009 1703 4076 Ant⁰¹¹¹¹
1727 4012 1855 4076 redarum

87 4105 223 4159 lether
233 4107 334 4159 addunt
346 4111 452 4162 accmst.
1006 4109 1228 4172 timeremus.»

151 4314 250 4394 334.
282 4317 451 4399 Nomina
472 4319 703 4427 insularum,
728 4328 949 4435 regionum,
977 4331 1278 4439 provinciarum,
1305 4342 1529 4415 ceterorum
1554 4335 1720 4443 denique
1744 4340 1857 4422 loco-

86 4463 209 4536 rum,
230 4443 542 4546 praeposilionem
557 4446 636 4528 tere
650 4449 886 4533 desiderant.
1284 4447 1290 4536 J

149 4560 307 4663 Cicera,
322 4565 432 4646 Verr.
460 4577 535 4649 act.
553 4571 600 4668 ll,
622 4572 650 4651 l.
674 4575 721 4675 ll,
746 4601 781 4656 c.
802 4577 853 4656 3:
874 4581 1042 4686 «ltaque
1061 4579 1272 4687 maj0ribus
1293 4583 1433 4664 nostris
1454 4587 1494 4663 ia
1515 4585 1693 4688 Asm'cam
1715 4613 1763 4668 ex
1784 4589 1857 4670 hac

85 4683 303 4792 provincia
320 4690 463 4797 gradus
482 4693 637 4801 imperii
658 4696 783 4781 iactus
806 4711 915 4783 est.»
935 4705 1056 4806 ldem,
1073 4708 1174 4806 Art,
1192 4705 1220 4786 l.
1238 4707 1305 4805 lx,
1322 4733 1385 4814 ep.
1403 4707 1443 4807 7,
1460 4710 1483 4788 5
1504 4740 1513 4789 ε
1532 4700 1855 4813 «Prominenti,

82 4809 120 4890 si
136 4809 308 4913 valebit,
323 4816 496 4922 tegulam
513 4817 627 4898 illum
647 4821 826 4905 abitalia
845 4827 997 4909 nullam
1015 4829 1258 4912 relicturum.
1273 4863 1294 4904 t
1313 4832 1418 4913 ldem
1433 4832 1481 4913 ad
1495 4835 1689 4937 eumdem,
1709 4836 1735 4916 l.
1754 4838 1856 4937 XVl,

83 4959 161 5042 ep.
189 4935 266 5034 l,l
291 4968 300 5016 ε
324 4971 345 5012 a
358 4940 480 5022 Nonis
493 4939 674 5039 Quintilis
691 4948 781 5027 veni
802 4953 842 5029 ic
856 4952 1130 5034 Puteolanum.
1146 4987 1168 5028 »
1186 4953 1302 5048 lbid„
1323 4955 1352 5035 l.
1377 4957 1459 5058 ΧΠ,
1483 4984 1546 5065 ep.
1572 4959 1623 5038 48
1647 4991 1656 5040 :
1679 4991 1700 5034 ι(
1719 4961 1801 5069 Ego
1822 4969 1860 5044 te

83 5063 133 5138 r'n
155 5055 382 5156 Tusculano
396 5074 590 5171 exspecto.
606 5100 627 5141 »
