4680 6166
1288 1023 1352 1104 DE

665 1309 1196 1451 VERBORUM
1252 1309 1984 1455 CONJUGATIONE

1172 1675 1490 1690 m

499 1929 557 2000 18.
585 1934 903 1999 «Nominadeclinare
915 1935 1047 2000 etverba
1058 1935 1202 2017 inprimis
1213 1934 1298 2017 pueri
1355 1935 1433 1998 sitne
1444 1936 1570 1998 verbum
1583 1943 1752 2016 surreptum
1767 1935 1827 1996 erit
1840 1934 1879 1996 ad
1894 1939 1978 2008 ante,
1992 1951 2032 1994 an
2047 1939 2116 2012 post
2129 1930 2212 1997 lacta

445 2037 557 2115 sciant;
583 2035 788 2118 nequeenim
811 2035 899 2098 aliter
921 2035 1078 2117 pervenire
1101 2035 1140 2098 ad
1165 2035 1299 2098 intellec·
1355 2033 1569 2112 referendum3
1592 2033 1837 2114 praeteritnmne,
1866 2051 1906 2094 an
1929 2031 2065 2094 futurum
2088 2037 2212 2112 tempus

445 2144 512 2199 tum
526 2135 719 2218 sequentinm
734 2139 903 2217 possunt.»
922 2133 994 2197 llaec
1010 2134 1129 2212 Fabius,
1146 2135 1168 2197 l.
1184 2134 1207 2208 1,
1222 2153 1250 2197 c.
1267 2139 1297 2208 l,
1356 2133 1558 2214 adsignificat,
1574 2133 1662 2197 otiosi
1684 2132 1877 2196 existimandi
1897 2136 1987 2195 sunt‘l
2004 2131 2039 2194 P.
2058 2131 2211 2211 Nigidius,

445 2237 498 2299 ᾗ.
521 2233 566 2297 Do
589 2232 749 2296 nominum
776 2232 981 2297 declinatione
1010 2233 1157 2296 hactenus
1183 2233 1299 2296 dictum
1357 2232 1507 2296 Ciceronis
1528 2232 1672 2315 aequalis,
1693 2232 1821 2295 civitatis
1835 2231 1982 2295 Romanae
1999 2230 2211 2307 doctissimus,

446 2338 509 2412 est;
533 2332 572 2395 de
593 2331 756 2395 verborum
778 2337 945 2413 antequam
969 2331 1051 2409 dico,
1077 2338 1179 2395 oratos
1206 2331 1299 2394 etiam
1358 2340 1392 2395 nt
1414 2331 1542 2409 Gellius,
1556 2331 1579 2394 l.
1591 2330 1693 2408 XVll,
1713 2349 1741 2396 c.
1758 2336 1789 2409 ¹1,
1804 2335 1941 2408 testetur,
1961 2329 2036 2392 dum
2049 2330 2080 2392 in
2098 2327 2213 2392 eodem

445 2436 537 2514 atque
552 2429 645 2494 etiam
662 2447 715 2492 eos
732 2428 823 2492 velim
842 2429 896 2513 qni
912 2430 972 2493 hoc
988 2429 1199 2494 declinationis
1217 2448 1301 2493 com·
1358 2430 1451 2494 modo
1472 2429 1668 2511 explicando,
1685 2429 1776 2493 tertio
1796 2435 1828 2492 et
1852 2428 1999 2510 vigesimo
2023 2431 2213 2491 commenta-

446 2528 676 2605 mentariolum,
685 2527 804 2591 chartas
818 2528 978 2592 evolvendi
990 2529 1101 2610 magis,
1115 2536 1149 2592 ut
1160 2549 1240 2611 saepe
1254 2528 1301 2604 lit,
1357 2529 1471 2591 riorum
1485 2529 1750 2609 grammaticorum
1766 2547 1833 2591 sese
1848 2533 1988 2610 torquet,
2004 2543 2107 2588 nonne
2120 2544 2214 2607 aper-

446 2646 540 2710 quam
553 2626 675 2708 legendi
689 2625 809 2704 animo,
819 2626 852 2689 in
866 2644 975 2689 manus
990 2627 1138 2710 sumpturi
1153 2633 1243 2702 sunt,
1261 2645 1301 2690 ne
1358 2627 1473 2690 tissime
1496 2646 1555 2691 nos
1572 2628 1666 2692 docet
1681 2628 1844 2692 verborum
1861 2633 2002 2690 naturam
2019 2642 2083 2689 non
2103 2624 2214 2688 leviter

446 2746 497 2790 me
508 2724 680 2806 longiorem
695 2729 817 2807 putent,
833 2731 925 2807 atque
942 2724 981 2788 de
997 2744 1031 2788 re
1045 2725 1115 2789 trita
1130 2731 1161 2788 et
1179 2727 1302 2806 vulgata
1358 2725 1588 2807 attingendam,
1611 2726 1667 2790 sed
1687 2727 1811 2810 penitus
1832 2744 1869 2790 ac
1891 2725 2035 2788 radicitus
2053 2722 2214 2786 excutien-

447 2824 584 2909 pluribus
601 2823 700 2888 verbis
726 2824 837 2906 egisse,
858 2843 952 2907 quam
972 2843 1022 2888 res
1040 2825 1104 2906 ipsa
1123 2824 1301 2907 postularet.
1359 2826 1448 2888 dam?
1466 2825 1618 2891 Praetereo
1636 2827 1838 2909 quastionem
1856 2825 1939 2888 illam
1961 2825 1993 2886 in
2010 2821 2215 2886 Saturnalitiis

447 2924 526 2988 Nem
550 2924 574 2987 si
592 2940 697 2988 secum
718 2922 776 3005 ipsi
795 2928 938 3005 reputent
958 2941 1052 3006 quam
1072 2924 1190 3001 mullae,
1209 2943 1302 3006 qnam
1360 2925 1547 2989 conviviisd.
1558 2925 1648 3001 Gall,
1661 2925 1683 2989 l.
1698 2923 1806 3003 lllllll,
1815 2926 1847 3002 Ξ,
1862 2924 2007 3007 positam,
2015 2921 2213 3005 qnaccgnita

447 3023 548 3100 varia,
563 3040 656 3104 quam
670 3039 758 3085 novae
775 3026 807 3085 et
826 3021 971 3084 inanditae
990 3022 1150 3104 opiniones
1166 3021 1304 3114 quotidie
1359 3031 1391 3087 et
1403 3031 1577 3107 perspecta,
1593 3024 1682 3088 multi
1695 3024 1768 3088 nodi
1781 3023 1941 3087 solvuntur
1956 3045 1963 3086 :
1977 3021 2077 3084 Verba
2088 3021 2215 3101 rampse-

449 3121 640 3199 exoriantur,
654 3138 716 3184 non
723 3167 734 3199 ,
750 3126 785 3183 ut
798 3121 924 3202 opinor,
942 3120 1031 3184 nobis
1043 3121 1116 3184 vitio
1130 3127 1263 3196 vertant,
1280 3121 1305 3184 si
1361 3125 1433 3202 rim,
1446 3126 1585 3198 emerim,
1602 3124 1736 3206 legerim,
1759 3123 1861 3186 sintne
1878 3120 2021 3205 preteriti
2041 3139 2081 3183 an
2101 3118 2213 3198 futuri,

448 3221 481 3284 in
494 3227 635 3285 veterum
651 3218 959 3302 gravissimorumque
973 3225 1132 3283 anctorum
1147 3221 1306 3284 sententiis
1360 3241 1399 3284 an
1412 3223 1571 3305 utriusque
1584 3221 1746 3305 temporis?
1760 3222 1844 3284 lilitto
1858 3221 1917 3284 alia
1929 3221 2067 3301 ejusdem
2076 3219 2213 3300 generis,

450 3339 512 3383 non
534 3321 634 3383 solnm
653 3318 865 3396 numerandis,
885 3319 940 3382 sed
959 3319 1053 3381 etiam
1066 3337 1124 3402 pro
1143 3327 1245 3383 nostra
1260 3328 1305 3384 te·
1362 3340 1441 3403 quae,
1460 3339 1500 3384 ne
1521 3323 1633 3402 longus
1653 3321 1722 3399 sim,
1742 3338 1806 3384 non
1828 3319 1939 3383 invitus
1954 3316 2164 3401 praetermitto.
2189 3315 2215 3379 li

449 3418 503 3481 nui
518 3423 605 3500 parte
626 3417 815 3500 exponendis
833 3418 1057 3500 aliquantulum
1080 3417 1229 3482 fuerimus
1249 3420 1307 3481 im·
1360 3438 1433 3483 vero
1460 3420 1596 3502 quinon
1623 3420 1690 3484 solo
1717 3419 1888 3482 chartarum
1919 3433 2049 3480 numero
2075 3415 2217 3478 contenti

449 3515 570 3579 morati.
587 3514 709 3580 Etenim
725 3515 751 3579 si
771 3533 839 3591 res,
855 3521 891 3578 ut
910 3517 975 3596 jam
998 3515 1090 3597 coepit
1114 3516 1169 3595 ire,
1186 3518 1306 3597 longius
1359 3525 1463 3596 erunt,
1480 3519 1555 3581 mihi
1575 3519 1607 3581 in
1621 3517 1727 3601 primis
1741 3517 1887 3580 exorandi
1900 3523 1972 3580 sunt
1986 3523 2036 3592 ut,
2052 3513 2075 3578 si
2092 3512 2167 3596 qnid
2181 3513 2216 3576 in

450 3613 643 3696 processerit,
663 3614 749 3677 brevi
769 3613 909 3677 futurum
934 3620 980 3677 est
1001 3621 1036 3677 ut
1056 3614 1148 3678 verba
1171 3615 1234 3698 ipsa
1252 3635 1306 3697 pe·
1361 3617 1428 3698 ipso
1446 3617 1550 3680 statim
1568 3617 1708 3697 ingressu
1729 3614 1913 3679 offenderint
1929 3614 2043 3697 quoda
2057 3611 2218 3676 recentio—

450 3715 531 3778 nitus
544 3713 772 3794 extinguantur.
789 3713 868 3787 Quid
882 3712 965 3776 enim
978 3713 1063 3777 alind
1075 3720 1225 3795 superest,
1240 3733 1306 3778 mo-
1361 3733 1430 3776 rnrn
1446 3715 1565 3797 placitis
1583 3714 1720 3777 alienum
1734 3713 1884 3792 videatur,
1898 3713 2045 3793 tantisper
2065 3709 2218 3774 emensio·

452 3811 498 3877 dis
516 3811 671 3890 omnibns,
698 3819 803 3876 contra
820 3812 980 3891 Varronis,
1003 3811 1086 3877 Fabii
1104 3813 1305 3895 omniumque
1362 3832 1435 3876 nem
1456 3814 1638 3891 sustineant,
1659 3812 1735 3876 dum
1754 3831 1824 3894 quae
1844 3813 1875 3875 in
1897 3811 2026 3892 primam
2049 3810 2216 3874 verborum

451 3918 590 3978 veterum
610 3911 805 3988 sententiam,
825 3910 962 3974 funditus
982 3910 1125 3974 sublatis?
1147 3910 1214 3975 lam
1234 3931 1306 3976 vero
1361 3911 1598 3976 declinationem
1612 3911 1802 3994 scripsimus,
1815 3911 1977 3991 diligenter
1990 3909 2161 3993 perlegant.

452 4010 476 4073 si
497 4028 561 4076 non
582 4010 675 4074 modo
696 4017 833 4072 veterum
859 4027 896 4072 ac
918 4008 1067 4072 nobilium
1095 4011 1307 4090 grammatico-
1400 4009 1617 4092 Inscripseram
1634 4009 1695 4074 boc
1714 4009 2002 4072 commentariolum
2023 4026 2032 4072 ε
2053 4007 2098 4071 Dc
2112 4008 2217 4071 vato-

453 4127 536 4187 rum,
550 4126 657 4172 verum
672 4107 762 4171 etiam
774 4106 1062 4186 jurisconsultorum
1076 4107 1115 4171 dc
1130 4116 1306 4190 temporum
1362 4129 1429 4170 rum
1444 4108 1637 4172 declinatione
1644 4129 1659 4187 ,·
1669 4109 1749 4172 solet
1767 4107 1851 4172 enirn
1870 4107 1977 4185 Varro,
1995 4107 2017 4170 l.
2036 4107 2077 4184 ll,
2093 4109 2142 4180 31,
2162 4107 2216 4180 32,

453 4205 673 4287 significatione
687 4205 908 4268 controversias
927 4223 997 4267 cnm
1016 4206 1126 4270 animis
1140 4207 1202 4270 suis
1216 4207 1306 4270 iidem
1362 4215 1394 4269 et
1412 4206 1545 4285 Fabius,
1559 4207 1582 4270 l.
1598 4205 1623 4284 l,
1640 4225 1668 4270 c.
1683 4209 1716 4286 l,
1730 4208 1782 4284 ut,
1797 4209 1849 4284 29,
1864 4206 1956 4269 etiam
1975 4223 2047 4268 curn
2060 4204 2100 4267 de
2115 4203 2219 4267 verbis

455 4305 603 4385 cogitent,
627 4303 658 4366 in
680 4302 804 4381 bonam,
830 4310 865 4365 ut
886 4321 987 4384 spero,
1016 4311 1146 4386 partem,
1174 4311 1307 4367 nostram
1364 4311 1410 4368 est
1430 4323 1548 4384 sermo,
1567 4313 1634 4368 tum
1653 4304 1865 4368 declinationis
1885 4303 2019 4381 nomine,
2036 4310 2103 4365 tum
2122 4300 2220 4365 decli-

456 4403 535 4466 hanc
553 4402 782 4466 cunctationem
799 4400 960 4483 accipient.
979 4401 1078 4474 Quint
1101 4402 1137 4476 Q.
1159 4402 1306 4481 Scaevola,
1365 4403 1457 4466 nandi
1476 4403 1571 4467 verbo
1590 4403 1652 4484 uti3
1667 4422 1706 4466 ne
1723 4411 1827 4467 tamen
1842 4401 2046 4483 grammaticis
2058 4401 2218 4464 lastidium

455 4500 588 4577 Brutus,
613 4499 769 4578 lilanilins,
796 4499 873 4563 dum
899 4501 1124 4564 accuratissime
1152 4501 1308 4582 disputant
1363 4520 1534 4578 moverem,
1547 4501 1642 4564 malui
1656 4501 1884 4583 inscriptionem
1899 4499 2039 4583 perdere.

651 4849 742 4962 nn
778 4847 986 4968 vanna
1022 4847 1481 4967 suasrmvvrvr
1519 4797 2026 4965 nacaralrroaa

516 5093 579 5173 19·
605 5119 682 5182 Cum
696 5118 881 5200 praeteritum
897 5117 1068 5200 perfectum
1082 5127 1113 5180 et
1123 5119 1264 5196 ulterius,
1279 5119 1310 5182 in
1367 5119 1517 5183 vestibulo
1532 5121 1721 5184 collocarunt
1730 5139 1740 5199 ;
1755 5138 1887 5203 quorum
1902 5136 1953 5182 me
1963 5119 2121 5182 sententiae
2136 5120 2222 5184 baud

460 5218 594 5301 patiendi
619 5217 718 5281 verbis
744 5217 917 5280 necessario
943 5236 979 5280 ex
1003 5217 1193 5279 substantivo
1218 5217 1311 5281 verbo
1368 5218 1492 5300 paenitet
1519 5238 1605 5292 csse,
1634 5218 1752 5282 etiamsi
1780 5219 1862 5282 aliud
1888 5218 2042 5282 veteribus
2069 5219 2221 5301 placuisse

460 5317 632 5399 supplenda
654 5317 732 5394 sint,
756 5315 924 5398 prudenter
944 5315 1019 5377 mihi
1043 5315 1182 5378 videntur
1203 5315 1312 5378 secisse
1367 5316 1494 5380 minime
1508 5318 1657 5397 ignorent.

464 5417 517 5500 qni
537 5417 638 5498 ipsum
657 5415 689 5478 in
721 5419 856 5498 quatuor
877 5413 1129 5494 conjugationum
1166 5421 1311 5497 tanquam
