4616 6160
657 521 700 572 nn
722 521 1004 575 consanucrronn
1024 518 1286 572 rnrnnnsrrrvn.
1773 487 1849 567 237

103 648 156 714 bilo
171 649 204 713 in
219 649 361 734 Hispania
379 651 434 714 Gn.
451 657 481 713 et
494 649 528 713 P.
545 649 695 733 Scipiones
713 651 853 715 exstincti
864 653 945 716 occi-
1001 651 1060 716 iusi
1082 651 1183 714 Volsci
1208 648 1362 727 Antiates,
1387 646 1502 711 Corioli
1526 644 1663 728 oppidum
1689 653 1847 728 coptum.»

102 747 216 812 duent.
231 771 247 808 a
265 749 362 826 idem,
378 749 418 813 de
431 747 575 831 narusp,
589 769 616 812 c.
633 752 664 827 3,
677 753 720 814 5:
739 749 848 823 «Quid
861 750 942 812 enim
1001 751 1099 826 ldcm,
1114 750 1135 813 Ι.
1152 748 1293 824 XXXIX,
1318 767 1346 812 c.
1368 749 1429 810 bb:
1451 769 1466 807 u
1484 745 1564 808 Ludi
1587 743 1725 807 Tauritiu
1741 747 1782 824 (Ι)
1798 763 1853 826 per

102 845 165 908 trau
177 864 357 929 persequar,
368 847 506 930 pecodem
520 866 556 910 ac
569 846 707 927 bellnam,
717 846 831 930 pabulo
845 847 943 911 inimi·
1001 847 1127 912 biduum
1137 847 1214 930 sacti
1228 845 1382 927 religionis
1396 863 1497 908 causa.
1513 865 1528 901 u
1545 841 1642 920 Idem,
1656 841 1676 904 Ι.
1692 841 1731 918 V,
1746 860 1775 905 c.
1791 845 1827 905 ul
1842 865 1850 906 ι

101 962 198 1008 corum
214 963 355 1010 meorum
369 951 401 1009 et
414 946 526 1026 glande
540 945 761 1029 corruptnmtu
1005 968 1020 1006 n
1033 945 1131 1027 Pergo
1145 944 1184 1008 ad
1197 942 1352 1007 delendam
1370 942 1468 1004 artem
1492 941 1583 1004 Veios.
1598 963 1614 999 n
1636 939 1728 1016 lbidr,
1745 957 1773 1002 c.
1787 941 1830 1001 22
1844 962 1851 1003 :

133 1041 255 1106 Sivero
276 1043 316 1107 de
334 1043 401 1106 aliis
423 1043 513 1107 rebus
531 1049 652 1125 agatur,
671 1044 836 1127 saepissime
855 1043 943 1107 video
1006 1043 1090 1108 ullic
1120 1043 1256 1107 Veiorum
1282 1059 1409 1106 occasus
1434 1039 1492 1104 luit
1523 1039 1603 1101 nrbr's
1629 1037 1855 1120 opulentissime

100 1140 425 1222 verbnm,adJ'ectivum
438 1141 662 1226 relativnmque
675 1142 773 1223 magis
786 1143 944 1206 communi
1001 1142 1120 1206 Etrusci
1134 1140 1308 1205 nominis.»
1325 1139 1461 1203 insuaue
1477 1144 1600 1214 umen,
1613 1136 1636 1200 Ι.
1652 1135 1708 1214 lX,
1730 1155 1758 1200 c.
1774 1143 1804 1207 Ι,
1820 1138 1851 1214 2,

99 1237 288 1320 respondere.
303 1238 417 1316 Livius,
432 1240 455 1302 Ι.
470 1238 621 1315 XXXVll,
643 1259 671 1302 c.
691 1243 731 1303 56
747 1259 755 1302 ε
776 1239 848 1303 nile
867 1239 944 1303 Solis
1001 1242 1041 1305 ad
1056 1240 1211 1323 proprium
1230 1238 1384 1321 respexit:
1405 1237 1484 1300 aad
1496 1236 1596 1316 cujus,
1612 1235 1721 1317 inquit,
1735 1235 1854 1299 emolu·

100 1336 171 1414 urbe,
187 1357 255 1421 quse
271 1337 302 1400 in
319 1337 424 1400 Cilicia
446 1343 685 1419 senegaune»
706 1338 788 1416 Soli,
808 1338 944 1402 Selorum
1002 1344 1140 1402 mentum
1165 1337 1289 1419 egregie
1309 1336 1463 1418 pertinere
1485 1339 1589 1412 ratus,
1608 1332 1634 1397 si
1653 1333 1852 1415 Byzantium,

99 1453 206 1500 nomeu
218 1443 264 1500 est
276 1436 370 1500 urbis.
386 1435 484 1514 idem,
496 1435 519 1499 Ι.
530 1435 582 1512 ΙΗ,
596 1455 626 1500 c.
642 1440 658 1498 Ι
676 1454 685 1500 :
701 1437 865 1514 «Annum,
874 1456 945 1518 pro-
1004 1437 1139 1500 nobilem
1157 1443 1189 1499 et
1206 1435 1391 1499 maritimam
1404 1433 1514 1509 urbem,
1529 1430 1759 1514 receptaculum
1773 1438 1854 1495 terra

96 1535 247 1618 perparum,
262 1544 457 1618 opportunam
475 1539 507 1597 el
525 1535 709 1598 maritimam
722 1535 841 1613 urdene,
862 1536 946 1601 colo-
1003 1536 1141 1618 marique
1158 1535 1254 1618 copiis
1267 1534 1330 1598 suis
1344 1535 1482 1616 sutorum
1497 1531 1538 1614 (ΙΙ
1558 1531 1587 1593 in
1611 1535 1794 1612 potestatem
1806 1547 1854 1592 re·

99 1632 174 1696 niam
198 1633 311 1696 deduci
337 1651 475 1716 posse.»
503 1632 647 1696 Aurelius
671 1631 786 1709 Victor,
805 1633 845 1697 de
868 1634 945 1696 Viris
1003 1634 1176 1715 degisset»)
1202 1631 1287 1696 lianc
1307 1629 1564 1695 substantivorum
1590 1627 1854 1692 continuationem

99 1730 216 1808 illustr„
232 1751 261 1795 c.
276 1734 295 1794 Ι
312 1750 321 1795 :
341 1729 468 1794 «Ludos
481 1730 630 1794 conenutio
645 1731 809 1806 simulavit,
824 1729 863 1793 ad
876 1749 945 1813 qnos
1002 1737 1112 1796 vocant
1128 1731 1265 1811 juniores
1285 1727 1511 1813 oppositionesn,
1530 1744 1624 1810 quum
1646 1725 1853 1790 obscuriorem

99 1847 163 1892 cum
175 1829 335 1912 utriusque
353 1849 445 1892 sexus
458 1829 624 1893 multitudo
643 1829 784 1906 venisset,
799 1829 870 1892 dato
883 1829 946 1892 suis
1001 1828 1210 1906 reddiderunt,
1225 1828 1301 1891 dum
1315 1826 1355 1888 sit
1367 1844 1406 1888 ne
1420 1825 1516 1906 ligura
1529 1824 1725 1902 altercantur,
1741 1829 1773 1886 et
1786 1842 1855 1908 par·

98 1927 189 2007 signo,
201 1929 334 2010 virgines
345 1935 440 2010 raptae
453 1932 560 1990 suut.»
573 1926 699 2006 Plinius,
709 1928 732 1990 l.
747 1927 786 2006 ΙΙ,
801 1947 830 1990 c.
846 1931 896 2003 53,
905 1929 943 1991 2:
1002 1927 1110 1990 ticulas
1125 1925 1230 1990 nescio
1244 1941 1321 2008 quas
1334 1910 1451 1987 eddius
1465 1930 1701 2006 persequuntur.

102 2025 274 2104 «Volsinii,
298 2024 438 2108 oppidum
463 2024 632 2089 Tuscorum
658 2025 942 2108 opulentissimum,

98 2128 191 2188 utam
213 2133 427 2187 mnnnnaunn
452 2131 498 2187 est
519 2122 658 2188 fulmine.
681 2146 696 2185 r
718 2122 822 2202 Idem,
841 2123 864 2188 Ι.
888 2121 944 2202 ΙΙΙ,

99 2241 124 2288 a.
145 2227 176 2302 9,
201 2225 239 2285 ΙΙ
258 2246 267 2287 :
285 2223 465 2288 «Praeterea
485 2228 593 2288 auctor
613 2229 659 2286 est
681 2223 787 2286 lintius
805 2221 945 2306 oppidum

98 2318 269 2385 hunorum
289 2321 415 2402 Apu-⁰143
435 2329 553 2403 captum
568 2341 587 2384 a
600 2321 635 2385 L·
651 2320 815 2404 Tarquinio
828 2339 940 2401 rege.»
1036 2296 1070 2362 (Ι)
1087 2297 1215 2359 Lemaire,
1226 2296 1369 2358 Drakenb,
1380 2295 1511 2356 Teubner,
1524 2293 1581 2345 ludi
1593 2293 1696 2347 taurii.

1034 2377 1070 2443 (Ι)
1088 2375 1242 2439 Gronovius,
1256 2383 1284 2428 et
1298 2377 1416 2428 Lemaire
1428 2375 1473 2440 qui
1487 2374 1585 2426 Wetzel
1598 2375 1735 2439 sequitur:
1748 2389 1763 2421 ι
1776 2373 1852 2438 {ntu-

100 2415 191 2497 idem,
205 2420 227 2482 l.
243 2418 355 2498 XXXI,
370 2439 399 2483 θ·
415 2421 446 2498 8,
459 2422 500 2484 2²
528 2419 685 2502 «reneri,
703 2419 807 2483 &05⁰⁸
830 2419 943 2497 Gffliaer
1002 2470 1079 2522 rom,-
1098 2473 1112 2506 u
1131 2456 1201 2522 quod
1219 2457 1247 2507 in
1265 2456 1417 2508 melioribus
1437 2454 1571 2508 codicibus
1592 2467 1651 2506 esse
1672 2454 1709 2506 ait
1731 2451 1853 2506 lluddlnr.

99 2514 211 2582 ionum
223 2517 310 2580 nodet
320 2517 513 2599 insignem.»
529 2516 640 2595 Livius,
655 2519 678 2582 Ι.
692 2516 730 2593 ΙΙ,
746 2536 775 2581 c.
792 2520 831 2583 33
848 2540 856 2582 :
876 2517 946 2581 ulta
1003 2535 1310 2603 sync.,1.1,c.l,praec.
1325 2535 1351 2600 9,
1365 2541 1420 2588 noa.
1433 2534 1474 2588 eo.

1540 2184 1853 2201 m*

524 2943 823 3040 UTRINQUE
866 2941 1199 3024 ΝΟΜΙΝΑΝΙΙΙ
1243 2941 1425 3024 CASUS

149 3277 238 3357 238.
261 3277 396 3380 ‘Omne
426 3277 590 3357 verbum
625 3276 830 3382 personale
869 3274 971 3356 finiti
1014 3276 1119 3357 modi
1160 3275 1343 3382 utrinque
1385 3272 1671 3355 nominativum
1711 3273 1854 3359 habere

102 3411 234 3506 potest,
261 3428 355 3484 cum
378 3409 588 3507 utrumque
610 3427 756 3482 nomen
778 3401 826 3482 ad
849 3401 1028 3482 eamdem
1052 3429 1134 3483 rem
1159 3401 1350 3507 pertinet,
1373 3399 1589 3507 cujusmodi
1612 3399 1779 3481 maxime
1797 3408 1856 3483 est

101 3528 257 3608 verbum
277 3526 578 3626 substantivum,
601 3526 837 3626 vocativum,
860 3534 899 3607 et
920 3526 997 3608 alia
1016 3527 1320 3633 quamplurima.

149 3651 367 3752 Terentius,
385 3653 543 3733 Phorm.
562 3659 639 3733 acl.
656 3650 720 3750 lV,
739 3677 794 3731 sc.
814 3653 851 3750 Ι,
869 3679 907 3732 v.
924 3652 1027 3732 574:

657 3908 799 3926 .....
821 3860 958 3924 Senectus
969 3862 1033 3944 ipsa
1044 3869 1091 3927 est
1101 3861 1229 3924 morbus.

105 4052 243 4154 Cicero,
261 4052 309 4134 de
323 4051 482 4150 Officiis,
501 4052 530 4131 Ι.
551 4053 598 4152 ΙΙ,
615 4077 650 4132 c.
669 4051 709 4151 9,
730 4052 776 4131 3Ι
801 4083 810 4131 :
832 4082 854 4124 n
871 4053 926 4132 De
945 4051 1117 4133 amicilia
1139 4051 1214 4132 alio
1237 4050 1340 4132 libro
1359 4050 1508 4133 dictum
1531 4060 1600 4153 est,
1624 4059 1695 4158 qni
1712 4052 1858 4133 inseri·

105 4178 201 4261 bitur
213 4181 370 4259 Laelrne.
387 4211 409 4253 u
425 4175 643 4276 Sallustius,
657 4177 790 4277 Catil.,
803 4203 839 4258 c.
861 4179 877 4256 l
902 4209 910 4258 ι
929 4210 950 4252 «
968 4179 1101 4258 Virtus
1114 4180 1224 4259 clerc
1237 4189 1462 4282 eternaque
1477 4176 1655 4258 habetur.
1670 4212 1691 4255 »
1707 4179 1852 4282 Cicero,

106 4307 146 4386 ad
167 4305 355 4405 Atticum,
380 4305 408 4385 Ι.
432 4306 494 4404 ΙΙΙ,
519 4303 622 4409 epb
651 4334 660 4383 ε
684 4334 704 4375 «
725 4301 809 4407 qu
830 4302 916 4385 vivo
937 4309 1196 4385 miserrimus.
1213 4337 1235 4379 u
1263 4303 1386 4404 idem,
1412 4304 1444 4384 ΙΙ
1467 4301 1585 4402 Phil,
1607 4330 1643 4385 c.
1666 4305 1731 4404 lo,
1751 4306 1852 4387 lle:

111 4429 298 4513 «uerendi
312 4429 598 4535 rempublicam
613 4429 845 4542 adolescens,
861 4455 940 4510 non
954 4430 1129 4511 deseram
1143 4455 1275 4509 senec.
1293 4461 1326 4503 u.

139 4683 209 4750 llaec
222 4683 385 4766 preceptio
399 4681 612 4764 complectitur
625 4678 716 4744 verba
727 4679 831 4744 omnia
845 4697 949 4762 perso
1007 4679 1065 4742 tria
1084 4684 1277 4761 revocantur,
1299 4683 1334 4742 ut
1353 4683 1421 4760 post
1442 4679 1591 4744 dicemus.
1606 4679 1705 4761 Virg„
1722 4679 1793 4744 AEu.
1806 4679 1855 4752 vl,

107 4781 190 4856 naba,
211 4783 435 4864 cuiuscumque
457 4780 518 4842 siut
539 4778 685 4860 generis:
703 4780 812 4857 activa,
829 4779 948 4857 Cicero,
1007 4783 1092 4841 v.l:

108 4897 158 4958 pro
170 4877 204 4942 G.
219 4878 330 4958 llalbo,
346 4897 376 4943 c.
391 4882 423 4956 5,
439 4881 473 4942 ΙΙ
494 4901 502 4942 :
521 4875 661 4940 «Audivi
682 4874 743 4941 boc
764 4875 803 4939 de
826 4883 949 4958 parente

108 4993 172 5041 neo
181 4997 266 5059 puer.
279 4976 494 5057 u-Passiva;
509 4974 604 5052 idem,
620 4974 658 5036 dc
672 4973 769 5052 omn,
782 4975 806 5038 Ι.
821 4973 859 5050 ΙΙ,
873 4994 901 5038 c.
915 4978 948 5056 Ι,

109 5077 164 5137 la:
181 5075 272 5141 «Hoc
286 5094 344 5139 nos
356 5075 396 5139 ab
409 5075 473 5138 istis
489 5071 732 5138 adolescentibus
748 5071 849 5136 iacere
863 5073 952 5138 inviti
1013 5081 1122 5143 «Boni
1133 5080 1305 5144 moriuntur
1323 5082 1398 5145 tretr'.
1413 5103 1428 5140 u
1446 5080 1571 5158 Senec,
1585 5068 1707 5162 Thy'est.
1726 5084 1786 5144 acl.
1807 5076 1859 5158 Ill,

109 5177 138 5232 et
163 5169 414 5235 muntenni
443 5170 540 5234 eoacti
570 5188 689 5233 sumus.
712 5190 728 5229 u
753 5203 791 5216 —
816 5168 949 5251 Neutra;
1008 5199 1037 5241 v,
1053 5181 1135 5243 453:

109 5265 195 5347 idean
209 5271 248 5334 de
268 5269 405 5344 Seneca,
427 5287 455 5344 c,
469 5272 520 5346 ΙΙ,
535 5270 596 5332 38:
618 5265 743 5330 «Venio
757 5266 788 5330 in
805 5265 952 5331 Senatum

108 5365 245 5450 [rmum.
267 5389 283 5430 a
312 5401 354 5418 -
370 5366 562 5449 Deponentie
584 5371 616 5428 at
635 5364 811 5428 communia
828 5365 868 5428 ad
885 5365 951 5428 baec
1071 5384 1206 5437 venenum
1221 5385 1248 5437 ιη
1263 5399 1326 5438 ,um
1339 5385 1452 5450 biblum
1467 5391 1592 5453 ,epm
1603 5386 1706 5452 loquor.

1070 4929 1113 4980 Slc
1125 4927 1194 4980 tatur
1204 4927 1361 4994 lacrumans
1364 4961 1413 4983 .....
