4616 6160
585 587 629 638 DE
649 584 934 638 couslnucllouu
954 583 1162 636 Tannsmvn
1182 585 1300 636 Vnam.
1742 558 1817 639 263

120 720 218 784 Obiter
239 717 358 783 notabis
373 719 504 781 verbum
526 718 673 796 Interest,
695 719 765 788 loco
783 716 916 798 genitivi,
975 715 1112 778 interesse
1125 715 1292 796 reipublice
1300 713 1473 796 scripseras,
1485 734 1593 779 omnes
1607 718 1710 799 copias
1722 717 1821 800 primo

87 837 163 899 posse
179 816 386 880 accusativum
404 834 476 879 cum
490 817 702 899 praepositione
716 815 756 878 cd
769 815 916 898 recipere.
975 832 1100 896 quoque
1114 819 1252 896 tempore
1266 815 1297 876 in
1311 832 1406 876 uuum
1425 814 1528 876 locum
1543 815 1719 878 convenire.
1740 837 1755 874 n
1775 815 1823 878 Ci-

87 917 192 993 Ciceru,
204 915 305 990 Fam,
323 914 346 977 l.
363 914 400 992 V,
416 933 466 996 ep.
487 916 573 991 list
594 932 602 977 :
619 913 799 996 «Equidem
812 913 852 974 cd
864 932 920 977 nc·
976 930 1059 988 cero,
1072 929 1128 994 pro
1143 912 1211 993 lege
1224 911 1353 989 Manilia,
1376 929 1404 972 c.
1428 913 1458 988 l,
1480 914 1518 974 l8
1539 930 1547 974 ε
1574 935 1590 972 u
1610 911 1733 976 Etenim
1747 912 1823 975 illud

85 1023 166 1078 stram
191 1014 311 1077 leudem
337 1031 401 1077 non
439 1014 574 1077 multum
603 1012 691 1076 video
724 1014 871 1076 interesse.
900 1034 915 1071 r
977 1009 1109 1091 primum
1118 1010 1213 1090 porci
1225 1011 1407 1102 refert,vos
1420 1007 1591 1088 publicanis
1607 1009 1717 1074 amissa
1731 1011 1825 1074 vecti·

86 1113 267 1176 Postremum
291 1111 396 1174 locum
418 1111 545 1193 quidam
571 1112 708 1191 legunt:
731 1109 799 1172 Seio
817 1111 923 1194 munti
978 1108 1057 1187 galia
1068 1115 1174 1188 postea
1186 1106 1313 1170 victoria
1324 1123 1549 1186 recuperare.»
1569 1105 1726 1188 Ulpianus,
1739 1107 1825 1188 big,

86 1209 239 1290 reipidlicoe
252 1211 303 1272 eit.
318 1209 445 1271 Interat
458 1215 562 1271 umen
575 1208 743 1290 legendum
764 1227 830 1271 esse
848 1226 922 1272 con·
978 1203 999 1265 l.
1015 1203 1138 1283 XLVll,
1153 1204 1201 1267 tit.
1216 1221 1258 1281 n,
1272 1203 1341 1283 lege
1353 1205 1392 1265 2¹1
1411 1219 1420 1264 ε
1437 1203 1588 1267 «Scilicet
1602 1204 1627 1266 si
1642 1206 1722 1267 tanti
1732 1205 1825 1268 inter·

86 1309 174 1372 bunut
187 1308 316 1390 epistola
329 1311 362 1368 ll
379 1307 535 1372 Ciceronis
548 1307 601 1371 lib.
615 1306 682 1370 Vlll
696 1306 735 1369 ad
751 1307 829 1381 nu„
843 1309 872 1384 ³,
889 1306 920 1369 in
977 1303 1077 1385 suit.»

85 1405 237 1488 quareiert
247 1403 355 1470 Cicero
367 1405 477 1470 eadem
488 1404 799 1488 vcrbaszcpcique,
808 1404 921 1488 iuquit,

132 1641 274 1722 Cetera
298 1640 519 1746 hujusmodi
544 1667 613 1746 per
635 1639 862 1721 adverbium
887 1639 1095 1739 adduntur,
1123 1649 1163 1718 ut
1181 1671 1188 1718 :
1207 1642 1431 1720 Plurimum
1458 1645 1633 1744 rbterest;
1658 1642 1826 1723 Mccr'rue

87 1770 219 1867 resert3
232 1765 344 1844 Nz‘lu'l
358 1769 526 1845 riderent.

132 1889 273 1989 Cicero,
290 1891 463 1989 Tuscul,
483 1890 510 1968 l.
529 1892 559 1986 l,
576 1914 610 1969 c.
630 1890 693 1980 43,
712 1890 786 1968 loa
811 1922 820 1968 :
844 1888 1072 1969 «Theodori
1098 1888 1253 1993 quidem
1270 1891 1369 1968 ozltr'l
1393 1895 1565 1990 necterent,
1590 1891 1752 1972 humine
1778 1919 1827 1972 an
1926 1937 1933 1956 ι

85 2014 242 2097 sublime
256 2023 465 2120 putrescat.
483 2048 504 2089 »
524 2015 644 2107 ldem,
662 2016 788 2116 Fam,
807 2015 834 2095 l.
851 2016 900 2115 V,
918 2041 979 2119 ep.
1001 2015 1063 2115 lb,
1087 2016 1109 2094 2
1133 2047 1141 2093 :
1165 2014 1394 2120 «Equidem
1416 2015 1463 2095 ad
1484 2024 1653 2096 nostram
1674 2018 1829 2098 laudem

86 2165 157 2220 uon
171 2142 334 2218 multum
353 2139 461 2220 video
475 2143 674 2239 interesse
688 2141 752 2220 sed
768 2140 814 2221 ad
830 2138 1140 2246 properationem
1156 2164 1285 2220 meam
1300 2142 1484 2246 quiddam
1502 2146 1671 2239 r'nterest,
1694 2168 1772 2223 non
1794 2151 1830 2224 tc

86 2275 311 2372 exspectare.
327 2297 348 2339 a

120 2478 214 2560 lluJus
227 2479 417 2542 classissunt
431 2497 552 2560 parum,
566 2477 737 2558 paululum,
755 2477 925 2559 aliquorum·
1029 2479 1178 2555 Quantum
1201 2478 1283 2560 apud
1307 2476 1487 2542 Ciceronem
1513 2478 1660 2542 invenies.
1685 2481 1747 2545 Pro
1770 2480 1834 2545 llu-

85 2579 150 2655 lum,
170 2579 308 2653 mutim
321 2577 517 2658 permultum,
536 2575 640 2656 mucis,
659 2574 798 2654 mcm'me,
817 2577 924 2654 minus,
983 2594 1070 2654 rena,
1093 2596 1122 2639 o.
1146 2580 1176 2654 P,
1198 2580 1218 2639 l
1242 2595 1251 2639 z
1280 2598 1296 2634 o
1319 2574 1483 2639 Ostendam
1505 2576 1565 2639 alio
1585 2577 1667 2655 loco,
1692 2587 1833 2660 murtam

85 2675 205 2754 minime,
242 2675 319 2737 nihil
324 2721 336 2753 ,
371 2674 503 2757 aliquid,
535 2673 731 2751 veliementer,
761 2681 924 2756 tantopere,
984 2675 1088 2738 salutis
1101 2674 1418 2750 communisintereit,
1439 2674 1517 2739 duos
1534 2676 1676 2739 consules
1694 2676 1725 2738 in
1744 2695 1834 2759 repu-

86 2794 260 2858 mupaopere,
284 2773 448 2855 infinitum,
469 2772 630 2848 tantulum,
647 2773 726 2853 plue,
748 2773 923 2854 plurimum.
984 2772 1065 2836 blica
1081 2772 1224 2837 Kalendis
1236 2771 1384 2836 ianuariis
1398 2791 1478 2837 esse.
1494 2796 1509 2834 r
1528 2772 1833 2856 1d0m‚pr0llilone,

86 2870 204 2948 Plinius,
221 2874 243 2935 l.
256 2872 373 2951 lllll‚c.
384 2873 483 2948 71,ἓ;
498 2871 678 2952 «Infinitum
691 2872 787 2951 refert
797 2878 829 2934 et
839 2871 927 2934 luna·
986 2890 1014 2934 c.
1034 2874 1087 2950 at,
1108 2873 1147 2932 56
1168 2890 1176 2935 ε
1196 2871 1359 2954 «Semper
1381 2871 1444 2950 illo,
1467 2879 1498 2935 et
1521 2882 1662 2954 puuctum
1683 2872 1836 2935 interesset

85 2971 122 3035 ris
132 2972 220 3038 ratio.
235 2995 252 3032 r
270 2972 458 3036 Ceterorum
477 2971 591 3053 passim
609 2977 778 3034 occurrunt
793 2970 926 3035 testimo
986 2969 1086 3032 Publii
1099 2968 1210 3047 Clodii,
1225 2975 1287 3033 etc.
1301 2991 1316 3029 r
1329 2968 1422 3048 Plin,
1434 2969 1456 3033 l.
1472 2968 1510 3048 ll,
1527 2988 1556 3033 c.
1572 2973 1624 3048 13,
1640 2972 1699 3034 lu:
1720 2994 1735 3032 e
1755 2971 1834 3034 Tur-

86 3071 145 3146 uia,
156 3089 236 3153 quae,
253 3089 294 3134 ue
308 3071 418 3151 longus
432 3069 501 3146 sim,
516 3069 728 3151 praetermitto.
986 3077 1048 3131 tum
1062 3069 1196 3148 interest,
1212 3068 1342 3132 subeant
1354 3068 1442 3147 radii,
1461 3087 1500 3133 au
1510 3069 1738 3152 superveniant.
1753 3091 1769 3128 s

1 3449 2 3456 Ν
139 3339 229 3418 276.
252 3339 453 3438 llbercor,
465 3351 595 3442 sotcpc
609 3337 824 3446 genitivum
838 3363 970 3420 casum
986 3336 1217 3418 adsciscunt.
1236 3337 1383 3436 Cicero,
1397 3342 1498 3436 Ata,
1512 3339 1539 3417 l.
1557 3340 1622 3439 lV,
1639 3365 1703 3446 ep.
1721 3305 1761 3440 ii,
1779 3342 1829 3421 2:

93 3463 330 3559 «putenam
351 3471 433 3543 tum
454 3490 574 3568 quum
595 3468 775 3543 misereri
791 3467 871 3544 mei
885 3462 1043 3565 debent,
1069 3488 1147 3543 uon
1169 3462 1351 3545 desinunt
1372 3462 1595 3545 invidere.»
1614 3459 1849 3567 Terentius,

91 3585 225 3668 licant.
244 3596 320 3668 act.
339 3591 367 3688 l,
385 3614 439 3669 sc.
459 3590 498 3688 3,
515 3616 553 3669 v.
573 3589 647 3668 2⁶25
667 3620 676 3668 ε

486 3839 625 3857 .....
646 3791 811 3876 lsquoque
826 3812 928 3858 rerum
941 3811 1066 3857 suarum
1077 3794 1199 3874 scthit.

139 3976 321 4056 Misereor
353 3975 551 4056 interdum
582 3975 699 4055 dundi
732 4001 864 4056 cusum
898 3976 1078 4082 postulat.
1112 3976 1274 4075 Seneca,
1306 3973 1333 4054 l.
1364 3975 1394 4074 l,
1417 3976 1597 4055 Controv.
1626 3975 1669 4076 2,
1696 3974 1835 4057 initio:

95 4099 311 4181 «tremor
325 4101 402 4200 tibi,
419 4101 564 4207 puella.
585 4132 606 4174 »

126 4339 288 4404 llberende'
299 4340 426 4404 verbum
441 4339 534 4403 etiam
548 4337 643 4402 dandi
661 4357 766 4402 casum
785 4338 861 4402 olim
880 4336 935 4401 ba·
992 4338 1098 4416 reddo,
1117 4338 1189 4402 huic
1212 4357 1374 4416 succurro,
1386 4337 1453 4400 duic
1473 4339 1654 4402 misereor.»
1669 4337 1841 4404 Priscianus

91 4433 199 4516 buisse,
221 4445 324 4520 aperte
345 4437 523 4514 Diomedes,
537 4437 559 4498 l.
575 4435 600 4508 l,
615 4456 646 4519 p.
663 4439 734 4514 294,
757 4441 788 4499 et
809 4435 936 4500 Priscin-
993 4445 1098 4502 tamen
1114 4439 1204 4503 docet
1218 4438 1248 4500 iu
1261 4436 1415 4500 veteribus
1435 4436 1592 4500 codicibus
1605 4436 1731 4501 baberi:
1749 4439 1842 4501 cllo·

91 4551 156 4610 nus,
170 4534 282 4613 llllll,
296 4533 546 4618 p.'195,doceut,
563 4535 700 4617 et,quod
713 4534 809 4616 pluris
822 4533 938 4598 lacieu-
993 4535 1041 4598 ius
1064 4538 1107 4614 (Ξ)
1130 4536 1281 4598 muereor.
1307 4557 1322 4595 r
1349 4533 1425 4597 Vide
1451 4534 1592 4615 ejusdem
1614 4536 1838 4615 castigationes.

89 4631 162 4696 doru
176 4640 236 4704 est.
248 4633 324 4698 illud
334 4632 462 4696 Senecae
473 4633 494 4694 l.
510 4633 535 4710 l,
551 4631 696 4697 Controv.
710 4637 730 4696 Ξ
746 4652 755 4696 z
774 4633 936 4697 «Fortuna
994 4633 1102 4716 Neque
1116 4632 1192 4696 illud
1205 4632 1370 4709 Ciceronis,
1386 4630 1523 4709 Tuscul,
1540 4631 1561 4694 l.
1577 4631 1616 4709 ll,
1627 4650 1655 4695 c.
1670 4635 1703 4709 9,
1712 4633 1749 4694 91
1765 4651 1775 4695 ε

91 4729 146 4794 boc
156 4749 206 4794 me
215 4731 316 4813 coegit
329 4731 392 4814 peti
399 4748 410 4810 ;
423 4729 559 4792 misereri
571 4729 686 4794 debent
695 4749 803 4796 omncs
813 4731 887 4794 mei.
898 4730 937 4793 Et

91 4847 147 4910 ego
157 4831 298 4893 mbereor
313 4829 370 4891 tibi
382 4829 436 4909 (l),
452 4828 556 4910 puella
561 4846 572 4907 3
589 4829 644 4892 sed
662 4846 724 4893 non
738 4828 868 4893 iacimus
881 4827 937 4891 mi·

91 4929 229 4992 acruudas
249 4928 436 4992 sacerdotes.
457 4949 473 4986 a
490 4926 541 4990 Sic
561 4927 676 4990 habeut
693 4927 762 4990 libri
780 4928 937 4991 correctis-

91 5027 168 5090 simi.
191 5027 363 5090 Adducitur
377 5032 408 5090 et
421 5026 497 5090 ulter
515 5027 603 5090 locus
621 5026 760 5106 ejusdem
778 5045 796 5089 a
813 5025 938 5109 quibus-
995 5018 1114 5083 videtru
1127 5019 1168 5083 ad
1181 5037 1247 5082 rem
1261 5017 1380 5096 lacere,
1400 5033 1472 5080 cum
1490 5014 1610 5078 dativus
1626 5013 1764 5096 pestibm,
1780 5031 1845 5078 nou

92 5124 172 5196 darn.
186 5125 226 5188 de
239 5124 306 5188 Vita
319 5125 421 5201 beatu,
433 5142 461 5186 c.
478 5125 519 5186 24
534 5147 541 5186 :
557 5147 573 5184 u
587 5123 675 5187 Hunc
688 5141 880 5206 promereor,
895 5123 936 5186 illi
994 5137 1067 5181 cum
1087 5118 1180 5182 verbo
1194 5117 1343 5196 miserere,
1359 5115 1412 5180 scd
1428 5133 1500 5178 cum
1514 5114 1674 5196 illoerpmu
1685 5115 1843 5195 jungatur,

1057 4795 1149 4859 Perge,
1158 4793 1236 4856 aude,
1244 4799 1314 4857 nate,
1324 4792 1456 4857 illacrymat
1469 4793 1551 4858 patris
1565 4792 1693 4856 pestibus,

1057 4873 1189 4938 lliserere,
1203 4879 1295 4940 gentes
1306 4879 1408 4924 nostrus
1422 4872 1521 4924 flebunt
1532 4871 1665 4936 miseriam

121 5437 159 5500 (1)
176 5437 312 5492 buccellini
324 5438 362 5490 itu
372 5437 479 5502 acribitt
492 5437 538 5490 sed
551 5437 678 5502 Lemaire,
690 5443 738 5491 tur.
1029 5435 1065 5502 (2)
1083 5433 1184 5488 liabent
1197 5433 1276 5500 buius
1288 5435 1401 5499 lipsius,
1414 5432 1541 5496 Mmaira,
1551 5431 1681 5482 Teubner.
