4654 6168
664 604 854 658 rumerari
881 607 925 658 ua
955 603 1251 659 cousraucrrour.
1760 579 1833 661 l35

143 737 369 817 Pancamuu
389 738 454 818 lX.
470 737 710 818 -Verbum
730 735 922 844 passivum
949 745 1032 843 post
1056 765 1096 819 se
1119 737 1333 819 ablativum
1356 737 1548 820 desiderat
1569 763 1659 820 cum
1685 765 1838 846 praepo-

98 861 224 944 sitione
243 861 417 964 ovelad,
434 869 504 944 ut:
522 860 658 944 Literae
672 874 856 944 amantur
876 867 1049 968 spuerio
1065 862 1257 973 ingenuis.
1280 862 1411 946 Cicero
1430 865 1569 970 repleor
1587 890 1612 944 u
1628 869 1755 968 fratre
1771 873 1837 946 tuo

98 987 309 1098 diiigenter.

142 1221 368 1302 munerun
389 1221 437 1302 X.
455 1219 688 1320 -Quodvis
715 1222 877 1303 verbum
906 1223 1071 1303 admittit
1095 1222 1406 1331 propositionem
1431 1220 1522 1307 oum
1545 1251 1613 1307 suo
1633 1251 1739 1326 casu,
1762 1233 1833 1306 ut:

100 1345 164 1426 Fur
182 1375 224 1426 m
244 1349 396 1453 templo.
415 1346 471 1428 Eo
486 1351 528 1426 r'rr
541 1352 797 1453 pymnmzum.
820 1351 939 1430 Sedeo
959 1354 1000 1430 in
1012 1376 1180 1431 scamno.

143 1583 368 1662 Pnacamuu
388 1581 454 1662 Xl.
469 1623 523 1644 ·-
536 1583 662 1664 Omne
680 1581 843 1664 verbum
858 1590 899 1664 et
911 1583 1034 1663 multa
1048 1582 1211 1665 nomina
1229 1583 1402 1665 dativum
1422 1583 1566 1666 hahere
1585 1591 1745 1691 possunt
1758 1583 1838 1693 ejus

101 1704 145 1786 rai
167 1705 230 1786 eui
252 1705 443 1788 damnum
469 1706 625 1814 aliquod
648 1706 711 1788 vel
738 1708 986 1804 commodum
1010 1707 1138 1809 datur,
1163 1717 1208 1789 ut
1231 1740 1239 1788 :
1265 1710 1435 1790 Labores
1456 1711 1558 1806 olr'rls,
1584 1711 1682 1789 molti
1703 1712 1773 1791 solz
1797 1735 1839 1790 es

102 1835 241 1918 rezaio.
266 1831 433 1914 Catilina
447 1831 520 1914 luit
531 1837 772 1940 perniciosus
786 1835 1020 1940 respublicae.
1040 1835 1161 1917 Senes
1175 1859 1254 1916 non
1268 1835 1350 1933 sali,
1368 1835 1433 1917 sed
1448 1837 1543 1940 filiis
1565 1841 1632 1915 aut
1644 1836 1838 1944 nepotibus

101 1958 243 2040 arbores
255 1970 406 2040 serunt.

145 2190 368 2275 Pracumuu
388 2192 470 2274 Xll.
492 2191 764 2302 -Temporis
791 2192 1030 2278 continuatio
1055 2193 1097 2274 in
1124 2193 1340 2276 accusativo
1367 2195 1429 2276 vel
1459 2193 1626 2275 ablativo
1654 2193 1835 2301 ponitur,

102 2317 328 2425 frequentius
354 2326 484 2402 tamen
506 2318 550 2400 in
572 2318 811 2420 accusativo,
840 2327 882 2401 ut
907 2351 916 2400 ι
944 2321 1057 2400 Pater
1077 2327 1165 2399 tuus
1189 2319 1283 2400 vixit
1306 2319 1590 2429 quinquaginta
1610 2347 1748 2421 aanor,
1774 2322 1836 2402 vel

102 2443 369 2556 qrrinquaginta
391 2449 516 2528 oona.
543 2445 641 2528 Dedi
664 2471 819 2554 operam
842 2445 1020 2528 Diomedi
1046 2457 1124 2528 tres
1142 2472 1277 2548 uanos,
1307 2446 1368 2529 vel
1394 2448 1513 2528 cntra
1532 2451 1664 2527 'annm
1696 2445 1837 2554 Scripsi

101 2571 559 2698 duoalroras,velduobus
571 2573 688 2653 dorm.

146 2804 369 2889 Pracarrmr
389 2807 488 2888 Xlll.
502 2805 808 2911 -Guieumque
826 2805 943 2888 verbo
967 2810 1088 2911 potest
1107 2803 1194 2884 addi
1215 2802 1404 2886 ablativus
1422 2803 1646 2913 significans
1664 2832 1833 2906 aarum,

101 2939 164 3012 ut:
191 2931 278 3014 Emi
303 2930 451 3014 librum
471 2933 608 3014 dacem
629 2933 813 3012 demna.
836 2929 1055 3011 Vendidisti
1080 2928 1398 3011 atramentarium
1419 2931 1540 3010 trtius
1561 2935 1761 3032 sestertium
1783 2975 1837 2994 ·—

101 3058 153 3138 rel
177 3086 475 3160 mansurarum,
498 3066 541 3140 ut
564 3089 573 3138 :
597 3057 732 3140 Scribo
752 3059 911 3140 calamo.
935 3055 1129 3139 Pereutior
1146 3056 1440 3160 ferulu;-val
1459 3083 1619 3159 causan,
1636 3067 1681 3138 ut
1706 3088 1714 3138 :
1740 3058 1837 3141 Ser-

100 3209 159 3265 ms
178 3191 265 3267 tuus
283 3184 434 3268 interiit
451 3190 572 3288 same.
590 3184 759 3268 Tabesoo
773 3185 917 3266 dolore.

144 3407 370 3503 Prncrrruu
390 3420 491 3502 XlV.
505 3465 559 3483 -
573 3419 782 3520 Gerundiu,
805 3417 943 3525 supina
962 3424 1001 3498 et
1022 3412 1227 3523 partieipia
1240 3417 1437 3523 postulant
1454 3425 1539 3523 post
1561 3442 1600 3497 se
1622 3441 1730 3497 casus
1743 3440 1836 3497 ver-

98 3541 226 3628 bomm
247 3547 430 3654 aquibus
451 3545 649 3646 oriuntur,
675 3554 719 3626 ut
747 3577 758 3626 ι
786 3545 915 3626 Servio
943 3546 1087 3624 literas.
1116 3543 1284 3650 Tempus
1308 3550 1365 3626 est
1390 3543 1579 3624 suadendi
1602 3544 1749 3624 literas.
1779 3541 1835 3624 Eo

95 3675 274 3778 emptum
285 3676 439 3756 lateras.
458 3673 553 3755 Sum
566 3677 781 3780 scripturus
795 3674 938 3753 lateras.
