4654 6168
361 3708 362 3711 κ
471 3666 559 3730 Plinii
574 3665 765 3746 auctoritate,
782 3667 804 3730 l.
822 3667 862 3747 ll,
877 3687 906 3731 c.
923 3670 1003 3746 dil
1023 3687 1032 3732 ι
1051 3667 1252 3732 aPlurimum
1266 3687 1318 3734 vo·

477 516 551 598 152
1109 546 1154 598 ns
1182 545 1371 599 annuamus
1398 545 1576 600 nomnen.

617 676 708 755 167.
739 677 782 756 ln
800 675 945 756 neutris
960 702 1123 759 numera
1141 684 1248 760 varus
1260 682 1501 787 peluqusque
1515 678 1767 787 profundum.

512 881 593 946 lllud
605 880 715 946 Valerii
725 880 837 960 Flacci,
853 884 875 946 l.
891 884 916 964 l,
927 903 957 948 v.
972 886 1055 949 169:
1374 904 1447 969 que,
1471 886 1560 949 virile
1584 891 1615 950 et
1639 884 1779 947 muliebre
1799 903 1885 947 aecae
1908 903 1964 966 per
1991 885 2054 949 vias
2076 903 2114 948 ac
2141 891 2223 948 tecta

1374 986 1514 1050 omnium
1528 985 1689 1049 visebatur.
1707 1007 1723 1044 r
1739 984 1884 1062 Sisenna,
1901 984 1976 1048 llist.
1991 985 2014 1049 l.
2029 984 2067 1047 ΙΙ
2083 1009 2091 1049 :
2109 1008 2126 1045 α
2142 985 2223 1048 'lum

1374 1083 1405 1145 in
1418 1102 1506 1147 muro
1527 1084 1615 1147 uirile
1635 1103 1671 1148 ac
1692 1083 1832 1147 muliebre
1849 1103 1934 1147 semes
1954 1084 2059 1167 populi
2080 1084 2224 1147 multitu·

471 1176 526 1233 aut
546 1170 679 1252 priscum
700 1175 762 1249 est,
782 1177 835 1234 aut
855 1172 996 1254 pelopea,
1020 1173 1104 1254 quod
1126 1171 1317 1236 verisimilius
1375 1180 1446 1244 dine
1477 1182 1563 1246 omni
1592 1183 1754 1246 collocata.
1784 1206 1800 1244 r
1827 1183 1941 1261 Varro,
1971 1183 2011 1247 de
2036 1183 2125 1264 Ling.
2151 1183 2221 1257 lut,

472 1274 519 1333 est
527 1315 538 1348 ,
556 1287 575 1332 a
592 1274 683 1352 pocta
697 1268 846 1351 scriptum
859 1268 927 1335 tuit.
944 1301 984 1318 ·-
999 1271 1114 1350 Seem,
1129 1273 1160 1349 ι’,
1175 1269 1317 1334 secundm
1375 1280 1397 1342 Ι.
1413 1278 1492 1357 lllll,
1508 1283 1548 1344 16
1563 1283 1605 1360 (2)
1622 1298 1631 1343 ε
1647 1281 1772 1344 aSeeos
1785 1287 1888 1345 uuum
1901 1282 2002 1359 virile,
2015 1301 2053 1345 an
2066 1281 2224 1358 muliebre,

471 1367 692 1447 declinationis,
705 1375 816 1432 neutro
827 1387 939 1450 genere
950 1369 1026 1433 dixit
1040 1369 1126 1448 Sall,
1142 1370 1164 1432 l.
1176 1369 1203 1432 ll
1211 1369 1288 1433 illst.
1307 1387 1315 1431 :
1375 1395 1413 1438 an
1428 1387 1565 1441 neutrum
1580 1378 1629 1442 sit,
1645 1403 1660 1439 ῃ
1677 1378 1753 1442 Vide
1766 1379 1846 1443 Non,
1864 1379 1997 1456 Marcel„
2011 1398 2039 1443 ο,
2055 1383 2085 1454 3,
2102 1382 2177 1456 193,
2193 1387 2225 1442 et

475 1490 491 1528 e
511 1466 552 1531 At
567 1467 707 1530 lietellus
729 1467 760 1529 in
781 1468 957 1532 ulteriorem
979 1469 1153 1551 Hispaniam
1175 1476 1245 1551 post
1265 1485 1318 1531 au·
1374 1476 1520 1554 Priscian,
1535 1477 1556 1539 l.
1570 1477 1607 1555 V,
1621 1496 1653 1561 p.
1670 1481 1740 1542 659,
1763 1477 1905 1556 (pastali,
1920 1478 2086 1543 mendose:
2101 1477 2223 1552 Serus.)

470 1583 546 1629 uum
556 1584 723 1647 regressus,
740 1585 852 1648 magna
864 1567 961 1648 glorie
978 1567 1215 1632 concurrentiuu
1230 1566 1318 1630 undi-

536 1069 647 1086 .....
648 1031 788 1102 [l’etepum
801 1041 912 1101 quantos
922 1036 1052 1101 aperimus
1061 1037 1088 1090 iu
1097 1049 1161 1090 usus
1171 1037 1222 1103 (i);

1407 1735 1441 1801 (Ξ)
1450 1735 1572 1788 Varronis
1585 1737 1664 1788 verba
1674 1737 1713 1790 sic
1723 1737 1852 1802 descripta
1864 1737 1940 1790 video
1949 1739 1975 1788 ln
1988 1736 2050 1790 edit.
2065 1737 2146 1787 lleur.
2163 1737 2223 1786 Ste-

500 1811 538 1880 (1)
555 1812 592 1866 lie
602 1813 652 1867 loc
663 1829 740 1868 versu
751 1815 813 1867 audi
827 1817 945 1869 Lemaire
957 1818 984 1869 iu
997 1819 1066 1871 nolis
1077 1832 1084 1870 :
1096 1835 1110 1866 e
1120 1817 1150 1870 lu
1160 1818 1242 1882 prima
1253 1816 1317 1866 cdlt.
1375 1815 1453 1880 phanl
1466 1815 1538 1880 tuta,
1549 1816 1567 1868 l.
1580 1816 1635 1880 llll,
1648 1824 1677 1869 et
1685 1818 1713 1868 iu
1724 1830 1803 1882 opere
1812 1817 1854 1869 cui
1863 1818 1956 1870 titulus
1967 1821 2110 1869 :ductores
2123 1815 2223 1882 ltaque

470 1891 626 1947 Bononiensi
638 1895 689 1960 (an.
702 1896 771 1960 1171,
786 1909 845 1961 que
855 1897 985 1962 princeps)
995 1898 1093 1962 legitur
1099 1897 1231 1964 pelopum.
1244 1895 1316 1959 Quod
1375 1895 1466 1948 lutiae
1480 1896 1510 1947 ia
1527 1910 1609 1948 uuum
1625 1896 1728 1949 reducti
1745 1911 1856 1964 corpus;
1877 1899 1924 1950 sed
1942 1898 2064 1963 Spengel.
2078 1904 2106 1949 et
2119 1897 2222 1958 lluller,

470 1974 594 2026 mendum
605 1976 633 2026 lu
645 1982 784 2041 sequentes
792 1989 883 2028 omnes
897 1990 981 2042 usque
992 1977 1024 2029 ad
1037 1978 1167 2030 Carrioms
1176 1977 1316 2028 editiomm
1374 1977 1393 2027 Ι.
1414 1976 1471 2026 ΙΙΙΙ
1491 1990 1497 2026 :
1519 1993 1532 2024 a
1555 1977 1614 2027 llaec
1635 1977 1785 2042 singulatim
1805 1979 1916 2042 triplicia
1935 1992 1993 2030 esse
2010 1978 2124 2041 dehent,
2136 1979 2222 2042 quoad

372 2117 377 2124 ι
470 2053 555 2118 [1561)
567 2057 747 2108 uansmissum
760 2061 810 2108 est.
821 2056 875 2108 lloc
886 2057 945 2108 freti
955 2058 1117 2122 grammatici
1128 2056 1317 2112 contenderunt
1374 2070 1475 2118 sexum,
1489 2055 1690 2120 multitudinem,
1705 2071 1802 2110 casum.
1816 2059 1912 2110 Secum
1926 2065 2012 2110 utrum
2027 2057 2224 2122 oiritnanmu·

379 2186 419 2230 V,
467 2133 580 2202 petoque
596 2149 655 2189 esse
667 2137 803 2190 masculini
817 2150 847 2190 ac
859 2138 977 2190 naeuius
990 2139 1129 2204 genem.»
1374 2135 1464 2202 liebre,
1475 2151 1508 2188 an
1521 2141 1643 2189 metrum
1657 2139 1699 2189 sit.
1716 2155 1731 2188 e

615 2308 704 2389 168.
736 2309 965 2390 Postulatus
980 2317 1165 2392 neutrum
1177 2306 1326 2414 quoties
1336 2306 1373 2387 id
1389 2307 1501 2388 tertia
1514 2307 1635 2390 ssectit
1649 2308 1675 2388 ¹.

736 2433 810 2513 Hie
829 2436 938 2541 lepus
952 2442 992 2516 et
1010 2461 1112 2534 mua·
1121 2461 1198 2540 pua
1212 2459 1380 2541 graecum
1394 2441 1665 2539 compostaque
1676 2433 1817 2542 junges
1827 2436 1854 2512 ².

737 2558 795 2640 Sit
815 2559 886 2640 tibi
899 2559 1115 2642 femineum
1135 2561 1294 2664 lupopua·
1310 2558 1445 2660 herba,
1464 2558 1646 2661 volucris3

737 2685 1149 2793 Estmuliebrepolue,
1164 2686 1332 2786 medaeas,
1347 2684 1767 2791 pulcherrimaoirtus,
1864 2747 1869 2755 .

737 2815 867 2917 Atque
885 2813 1004 2912 aulus,
1014 2811 1252 2919 pecudesque
1263 2838 1394 2916 pecces,
1409 2810 1548 2915 quibus
1563 2810 1714 2891 additur
1725 2815 1846 2890 incus.

736 2935 901 3041 Quaeque
917 2934 992 3015 sibi
1006 2961 1151 3038 servus,
1163 2936 1405 3042 juvenisque,
1420 2959 1613 3041 senexque
1621 2935 1808 3044 jugarunt
1826 2934 1852 3014 ³.

510 3091 578 3159 tut
587 3114 686 3178 pecua
695 3093 819 3177 pecoris.
835 3094 898 3143 -2
913 3092 953 3157 Ut
966 3094 1136 3180 elytropus,
1150 3095 1258 3179 tmpus.
1274 3131 1312 3143 -
1325 3098 1339 3141 Ι
1354 3095 1502 3174 Seruitus,
1510 3095 1663 3179 juventus,
1678 3104 1814 3159 seneetus.

511 3277 595 3353 ΙΙοῦς,
616 3275 712 3355 ποδὸς,
734 3275 795 3339 hoo
808 3282 854 3338 est
872 3293 935 3358 pes,
954 3274 1041 3339 virile
1062 3282 1120 3354 est,
1141 3283 1173 3339 et
1192 3294 1260 3359 quae
1279 3293 1317 3339 ex
1375 3295 1404 3340 c.
1431 3279 1470 3340 30
1498 3298 1505 3339 ι
1530 3299 1545 3336 e
1567 3274 1603 3338 Oi
1627 3275 1657 3337 δὲ
1680 3273 1782 3350 isaiae
1809 3274 1855 3350 οὓς
1878 3275 1996 3338 καλοῦσί
2020 3297 2093 3351 τινες
2116 3279 2224 3358 κυψέλ-

471 3391 510 3438 eo
528 3380 707 3451 nascuntur,
729 3379 764 3438 ut
783 3373 960 3456 cdytropus,
974 3374 1111 3438 secunda
1123 3374 1220 3439 vocali
1234 3393 1318 3457 pero
1374 3377 1452 3456 λους,
1468 3383 1559 3440 etc.»
1578 3377 1725 3458 Luqopua
1742 3393 1856 3440 nomen
1868 3376 1990 3456 herbe,
2003 3377 2067 3441 sive
2085 3379 2167 3458 svis,
2178 3381 2226 3444 le·

470 3472 606 3551 literam,
630 3471 739 3554 tripes,
764 3491 854 3553 apem·
879 3471 939 3535 hoc
962 3478 1152 3554 postremum
1175 3473 1318 3555 inquiunt
1374 3475 1596 3571 mininum'est,
1609 3473 1747 3556 quamvis
1760 3493 1799 3539 en
1811 3479 1879 3548 ποῦς
1889 3482 2104 3558 componatur.
2121 3477 2225 3558 liert,

471 3571 597 3654 quidam
619 3589 685 3635 esse
706 3569 826 3652 generis
849 3570 1002 3650 feminini,
1026 3571 1109 3654 quod
1135 3570 1319 3635 confirmant
1373 3574 1396 3637 l.
1412 3572 1477 3653 llll,
1494 3573 1589 3654 epigr.
1606 3575 1667 3636 87:

470 3765 536 3829 lant
552 3785 618 3848 qua
631 3764 755 3848 apodes,
773 3767 845 3849 quia
864 3773 969 3832 carent
981 3786 1039 3831 usu
1053 3767 1187 3848 pedum,
1201 3768 1239 3830 ab
1252 3768 1318 3830 aliis
1436 3727 1464 3777 Si
1476 3739 1550 3779 Μ
1562 3725 1655 3778 comta
1668 3725 1764 3791 mm
1777 3725 1907 3792 “mm
1920 3724 1956 3792 (ἢ)
1971 3727 2088 3782 Hm*

471 3864 598 3948 cypselli
623 3865 835 3948 appellantur,
858 3865 1059 3930 hirundinum
1084 3867 1198 3950 specie.
1219 3888 1235 3926 a
1258 3867 1317 3930 Sed
1373 3861 1465 3942 Plin.‚
1476 3862 1497 3925 l.
1513 3862 1554 3940 X,
1566 3881 1595 3925 c.
1609 3865 1659 3939 68,
1674 3864 1705 3939 2,
1719 3861 1757 3926 de
1767 3861 1917 3944 lagopode
1933 3881 1987 3927 ave
2003 3887 2011 3927 ε
2028 3863 2126 3928 «Non
2137 3874 2226 3932 extra

471 3963 587 4028 Plinius
598 3963 889 4049 relativumquoead
902 3966 1031 4028 uolucres
1043 3965 1106 4030 sive
1122 3985 1188 4028 oues
1201 3967 1315 4029 retulit.
1373 3966 1485 4023 terram
1507 3980 1570 4024 eum
1591 3962 1673 4024 vesci
1694 3960 1797 4038 facilc,
1819 3961 1943 4043 quando
1965 3980 2023 4025 nec
2046 3963 2114 4027 uiua
2133 3983 2225 4031 man·

472 4062 522 4126 Sic
535 4063 616 4127 idem
630 4062 670 4126 de
683 4064 819 4145 psittacis
836 4064 968 4146 loquens
981 4064 1093 4129 eodem
1107 4064 1196 4145 libro,
1212 4085 1240 4128 c.
1258 4070 1316 4130 58:
1373 4057 1498 4136 suescit,
1506 4065 1538 4122 ct
1551 4077 1662 4142 corpus
1673 4060 1773 4124 occec
1785 4060 1886 4124 statim
1897 4062 2071 4126 marcescit.
2085 4085 2101 4121 a
2119 4063 2223 4143 Idem,

477 4184 493 4221 e
514 4161 612 4243 Super
641 4161 746 4227 omnia
765 4163 901 4228 humana
924 4183 1015 4228 voces
1036 4162 1170 4227 reddunt
1199 4163 1318 4246 psittaci
1375 4158 1396 4219 l.
1410 4156 1518 4234 xxvi,
1535 4178 1563 4222 c.
1579 4161 1629 4238 31,
1646 4163 1679 4237 2,
1692 4159 1894 4241 delagopode
1908 4160 2024 4225 herba:
2044 4184 2062 4223 e
2079 4161 2225 4246 Lagopus

473 4258 617 4342 quidem,
632 4265 664 4323 et
678 4261 917 4325 sermocinantes
922 4261 1028 4340 ;lndia
1036 4260 1110 4324 tenc
1120 4264 1162 4342 (Ι)
1172 4261 1315 4324 mittit...
1373 4255 1604 4328 sistitull'u1u‚e
1617 4257 1777 4338 linopola·
1792 4283 1807 4316 u

475 4357 678 4440 imperatores
687 4356 855 4440 salutat3et
863 4377 932 4443 quae
942 4360 1065 4443 accipit,
1073 4360 1167 4424 verba
1179 4378 1318 4442 pronun·

473 4458 539 4532 tiat,
563 4456 595 4519 in
616 4456 688 4520 vino
709 4457 863 4540 praecipue
887 4457 1041 4522 lasciva.»
1058 4457 1234 4523 -Generis
1253 4477 1318 4522 esse

594 4554 600 4567 ³
626 4555 632 4568 .
886 4556 892 4568 Ι
1045 4557 1051 4570 ,
1149 4557 1155 4571 ‚
1406 4505 1470 4570 (ile
1485 4505 1558 4571 Apud
1580 4505 1761 4559 Martialem...
1784 4520 1836 4558 nou
1856 4507 1984 4575 lcqopode
1997 4510 2149 4575 legendum,
2174 4508 2223 4566 scd

473 4555 635 4620 masculum
648 4575 721 4638 epus
737 4557 829 4620 docet
842 4557 947 4634 Arist,
963 4557 1003 4620 de
1016 4555 1092 4620 llisl.
1107 4574 1213 4632 amm,
1229 4558 1251 4620 l.
1264 4557 1317 4636 lx,
1374 4585 1545 4653 ypampew
1562 4587 1631 4652 quod
1643 4589 1746 4639 ,puppe
1759 4588 1792 4640 ad
1803 4587 1929 4652 Properat
1944 4587 1962 4640 l.
1978 4589 2019 4652 lv,
2031 4591 2099 4657 ⁰¹08·
2113 4592 2139 4654 3,
2156 4608 2226 4658 pm.

1374 4667 1445 4717 bavit
1461 4668 1514 4718 los.
1530 4668 1678 4732 Scaliger.»
1694 4668 1788 4734 (Voss,
1802 4669 1974 4734 t.1ll‚c.32.)
1986 4671 2068 4733 Quam
2084 4673 2225 4726 lectionem

1375 4747 1479 4799 admisit
1491 4749 1616 4801 Lemaire.
1632 4749 1752 4802 Teubner
1764 4763 1825 4802 nero
1846 4762 1853 4801 :
1871 4749 2058 4817 clepotopece,
2074 4769 2088 4801 r
2103 4767 2163 4819 qua·
2175 4770 2226 4809 nox

506 4823 542 4890 11)
556 4822 675 4878 Lemaire
687 4837 746 4878 cum
761 4824 894 4892 plerisque
906 4825 985 4879 hahet
997 4825 1066 4878 icae
1082 4839 1165 4878 eoem.
1375 4840 1460 4892 noque
1470 4829 1496 4880 in
1511 4829 1617 4883 Forcell.
1629 4829 1757 4894 Lipsiensi
1772 4831 1894 4883 occurrit.

619 4997 708 5080 169.
740 4999 812 5079 AEs
826 4996 897 5080 tihi
910 4997 1170 5102 sitneutrum3
1184 5001 1282 5100 laus,
1297 5003 1415 5102 fruces
1428 4999 1633 5084 muliebria
1652 5012 1780 5084 sunto.

739 5125 870 5206 Sdato
884 5125 1075 5224 femineis,
1096 5125 1127 5206 si
1141 5150 1310 5206 consona
1324 5125 1481 5232 ponitur
1495 5136 1582 5208 ante
1596 5129 1622 5207 ¹.

740 5252 831 5332 Esto
846 5249 957 5332 virile
970 5253 1127 5352 rudens,
1143 5257 1245 5354 sons,
1260 5277 1370 5357 pons,
1384 5277 1482 5358 seps,
1500 5253 1656 5334 lethiler
1669 5261 1819 5361 unques,

518 5393 530 5442 ¹
547 5393 585 5462 Ut
597 5417 687 5478 meas,
701 5419 775 5463 sora.
