4646 6166
448 502 520 587 lot·
1204 536 1419 608 nupturam,

442 671 658 753 quorumdam.
675 670 772 747 Idem,
788 670 808 731 l.
824 667 891 747 llll,
906 690 935 731 c.
952 673 1000 743 10,
1019 673 1070 747 30,
1086 669 1126 733 de
1139 689 1159 754 q
1174 671 1286 735 litera:
1345 679 1464 735 tautum
1475 673 1583 736 decem
1600 678 1632 735 et
1646 679 1764 752 septem
1777 688 1844 735 esse
1858 671 1962 736 literas
1975 671 2188 752 credideruut3

446 793 461 825 κ
475 770 585 848 liures,
597 769 706 851 inquit,
724 775 754 831 et
767 768 817 830 illa
831 768 962 851 syllabas
980 768 1064 846 facit,
1079 788 1148 850 qrrae
1161 770 1199 832 ad
1213 790 1288 834 con·
1345 771 1495 854 siquidem
1510 791 1549 833 cx
1562 770 1666 852 viginti
1683 776 1715 834 et
1728 769 1825 833 tribus
1838 789 1900 834 uua
1912 770 2105 854 aspirationis
2117 777 2190 836 nota

439 868 613 950 jungendas
625 868 751 932 demum
765 867 919 946 subjectas
929 867 985 930 sibi
999 868 1121 931 vocales
1136 875 1183 933 est
1196 869 1287 950 utilis,
1345 877 1392 934 est
1414 870 1452 948 t;
1471 888 1532 932 una
1551 867 1678 951 duplex,
1697 889 1740 946 a,·
1754 869 1823 931 duae
1842 888 2051 950 supervasum,
2068 869 2087 932 lr
2105 875 2138 932 et
2151 887 2191 952 q,·

443 967 517 1030 alias
523 985 710 1048 supervacua
716 984 728 1046 3
740 973 774 1029 ut
788 985 883 1049 equos,
894 965 952 1030 hac
961 973 992 1029 et
1002 986 1104 1048 equam
1118 968 1287 1048 scribimus,
1345 969 1415 1032 duae
1429 987 1547 1050 graacae,
1562 989 1583 1050 y
1596 975 1665 1031 etz.
1682 990 1697 1026 a

442 1067 613 1130 curretiam
623 1065 695 1148 ipsae
704 1066 825 1129 vocales
837 1066 905 1129 duae
917 1066 1049 1129 efficiant
1059 1086 1181 1146 sonum,
1191 1070 1290 1150 qualis
1385 1059 1430 1130 lle'
1444 1066 1578 1149 syllabis,
1590 1087 1659 1148 quae
1671 1066 1822 1150 prosodiae
1834 1068 2032 1150 respondent,
2043 1087 2101 1134 suo
2110 1069 2192 1146 loco,

442 1165 526 1247 apud
549 1165 669 1230 Graecos
692 1165 796 1229 nullus
821 1173 880 1242 est,
902 1164 1033 1248 ideoque
1056 1165 1145 1230 scribi
1168 1166 1288 1231 illorum
1346 1167 1412 1231 beo
1431 1167 1574 1246 juvante,
1597 1166 1747 1230 dicemus.
1773 1166 1818 1229 lle
1839 1166 2031 1249 Etymologia
2055 1175 2136 1244 tres,
2159 1174 2192 1230 ut

444 1263 537 1327 literis
551 1282 612 1327 nun
626 1270 738 1345 potest.
754 1286 769 1324 a
1278 1291 1279 1297 ¹
1347 1264 1420 1342 dixi,
1433 1264 1502 1327 libri
1514 1263 1553 1326 ll.
1568 1264 1712 1328 Varronis
1723 1263 1763 1326 ad
1776 1263 1816 1327 ll.
1832 1263 1965 1327 Tullium
1980 1271 2097 1329 extant.
2113 1264 2192 1330 Con-

483 1362 570 1436 Quod
584 1363 624 1426 ad
632 1363 788 1427 literarum
803 1382 969 1428 numerum
979 1365 1101 1444 attinet,
1118 1365 1286 1439 «Quidam,
1346 1362 1503 1428 structioui
1519 1369 1594 1426 tunc
1608 1364 1694 1429 locus
1708 1362 1773 1433 erit.
1791 1381 1863 1426 cum
1879 1363 1917 1426 de
1928 1363 2087 1427 nominum
2100 1380 2193 1444 gene-

443 1461 540 1544 inquit
561 1460 736 1542 Diomedes,
753 1462 774 1526 l.
790 1461 827 1538 ll,
844 1482 876 1546 p.
895 1467 967 1541 118,
985 1464 1015 1527 in
1035 1463 1130 1527 lutino
1149 1482 1289 1528 sermone
1316 1516 1322 1528 .
1347 1461 1442 1540 ribus,
1457 1462 1680 1545 verborumque
1694 1463 1851 1544 preteritis
1860 1467 1891 1524 et
1902 1462 2017 1544 supinis
2025 1460 2190 1542 egerimus.

836 2156 1206 2290 PARTES
1272 2156 1801 2291 ORATIONIS

500 2503 590 2582 103.
623 2504 753 2585 Partes
781 2501 962 2582 orationis
990 2511 1078 2583 sunt
1106 2510 1192 2584 octo
1225 2534 1234 2582 ε
1266 2531 1425 2604 acmen,
1449 2530 1688 2610 pronomen,
1716 2503 1893 2602 verbum,
1914 2503 2192 2610 particapium,

440 2633 676 2735 praepositio,
698 2629 932 2727 adverbium,
959 2631 1191 2735 interjectio,
1216 2632 1450 2734 conjunctio.
1475 2632 1622 2710 Harum
1646 2637 1827 2736 quatuor,
1855 2653 2020 2730 nomen,
2048 2653 2198 2735 prouo-

445 2780 551 2856 men,
572 2756 751 2853 verbum,
777 2754 1039 2861 participium,
1064 2756 1330 2858 declinantur;
1356 2757 1536 2862 reliquae,
1562 2755 1793 2862 praepositio,
1818 2753 2058 2854 adverbium,
2080 2752 2197 2835 inter·

440 2879 572 2986 jectio,
592 2881 831 2988 conjunctio,
853 2879 1123 2962 declinationis
1143 2889 1235 2961 sunt
1254 2889 1444 2986 expertes.

485 3113 554 3180 Non
570 3115 671 3178 solum
689 3114 769 3177 inter
780 3113 1007 3195 grammaticos,
1024 3131 1158 3196 quorum
1171 3113 1293 3196 propria
1350 3112 1443 3177 modo
1463 3113 1635 3177 distribuit:
1664 3113 1765 3176 alluo
1785 3115 1859 3175 suut
1875 3130 1988 3193 genera
2007 3109 2196 3176 verborum:

443 3209 510 3276 bac
526 3219 572 3276 est
588 3211 805 3291 controversia,
824 3212 879 3276 sed
896 3211 988 3274 etiam
1005 3211 1084 3276 inter
1096 3210 1293 3296 pbilosopbos
1349 3231 1447 3275 unum
1470 3211 1639 3275 fecundum
1661 3211 1745 3294 quod
1766 3210 1949 3274 declinando
1967 3210 2080 3274 multas
2103 3229 2142 3273 ex
2165 3229 2199 3273 se

445 3310 538 3394 ipsos,
552 3311 591 3375 de
605 3311 738 3395 partium
753 3311 897 3376 orationis
915 3329 1044 3374 numero
1057 3329 1169 3393 parum
1185 3329 1294 3376 conve·
1349 3309 1427 3390 parit
1446 3309 1603 3392 dispariles
1623 3308 1753 3388 formas,
1770 3316 1805 3373 ut
1818 3315 1866 3374 est
1877 3310 1956 3392 Lepo
1964 3355 1975 3387 ,
1991 3307 2076 3390 lepti,
2088 3309 2199 3390 layum,

446 3409 501 3472 nit.
517 3408 1294 3492 Priscianus,l.l,p.bll,variasopinioneseuume-
1348 3407 1392 3471 sic
1411 3409 1471 3471 alia
1478 3427 1488 3489 3
1513 3408 1643 3472 alterum
1662 3427 1761 3489 genus
1779 3409 1900 3488 sterile,
1919 3406 2004 3492 quod
2021 3426 2059 3470 er
2073 3425 2107 3469 se
2119 3407 2202 3488 parit

445 3513 503 3572 rat.
518 3507 595 3573 Vide
606 3509 756 3572 incudem
766 3525 799 3571 re
813 3507 995 3585 Varronem,
1009 3505 1032 3569 l.
1046 3506 1060 3569 l
1074 3507 1113 3570 de
1126 3506 1213 3588 Ling.
1224 3508 1292 3584 lat,
1348 3506 1436 3585 nibil,
1452 3512 1487 3568 ut
1502 3508 1663 3586 astatium,
1679 3507 1743 3582 uia,
1758 3508 1867 3588 mepta,
1884 3525 1963 3586 erue,
1978 3526 2073 3569 car.»
2097 3502 2200 3584 ldem,

445 3605 677 3686 Quintilianum,
691 3607 713 3670 l.
728 3607 753 3684 l,
768 3627 796 3670 c.
812 3609 845 3685 1,
866 3610 915 3670 18.
932 3606 995 3669 Nos
1012 3609 1096 3681 octo,
1106 3607 1171 3687 jam
1184 3606 1258 3668 olim
1276 3625 1293 3668 a
1349 3606 1370 3667 l.
1380 3605 1467 3684 Χ,11
1479 3625 1488 3668 :
1501 3629 1516 3666 a
1527 3603 2202 3690 Primadirisioinoratione,quodaliavcrbu

444 3702 605 3784 Diomede,
620 3707 641 3768 l.
663 3706 689 3785 l,
706 3726 738 3790 p.
758 3709 829 3784 275,
850 3704 983 3782 Donato,
1003 3705 1079 3769 edit.
1094 3703 1132 3784 ll,
1148 3724 1179 3787 p.
1202 3707 1293 3780 1713,
1350 3722 1503 3787 nusquam
1512 3704 1713 3783 declinantur,
1723 3711 1757 3768 ut
1766 3703 2091 3784 baectuia,moa,·alia
2099 3699 2202 3766 decli·

445 3800 574 3886 aliisqua
588 3803 658 3867 viris
670 3802 769 3868 doctis
786 3809 941 3886 receptas,
953 3802 1087 3884 amplexi
1103 3820 1221 3866 sumus.
1236 3802 1296 3865 Ve·
1350 3809 1473 3881 uantur,
1495 3808 1530 3866 ut
1549 3803 1588 3866 ab
1608 3803 1693 3881 limo,
1716 3803 1843 3883 limabo,
1862 3823 1880 3868 a
1901 3804 1979 3882 lero,
1999 3801 2132 3887 [erebum
2135 3846 2200 3866 .....

445 3920 514 3964 rum
533 3909 699 3986 antequam
716 3901 785 3966 rudi
802 3921 839 3965 ac
854 3901 960 3983 pingui
977 3901 1121 3978 llinerva,
1142 3905 1178 3964 ut
1194 3901 1293 3979 aiunt,
1349 3901 1491 3965 Secunda
1511 3901 1617 3965 divisio
1644 3908 1691 3965 est
1708 3902 1747 3966 de
1771 3903 1819 3966 his
1840 3902 1940 3966 verbis
1965 3921 2033 3985 qua
2053 3897 2202 3965 declinari

445 4019 497 4064 eas
507 3999 717 4065 describamus
729 4005 842 4084 (neque
853 4000 936 4064 enirn
949 3999 1137 4064 llndimeula
1150 3999 1294 4064 omnibus
1350 4007 1487 4082 possunt,
1504 3999 1589 4083 quod
1603 3999 1660 4063 alia
1675 4008 1777 4064 sunta
1790 4001 1960 4078 voluntate,
1974 4000 2032 4063 alia
2045 4019 2064 4063 a
2077 4008 2201 4063 natura.

445 4099 582 4163 numeris
603 4099 751 4164 absoluta
772 4099 965 4164 definitiones
986 4099 1123 4180 decent),
1146 4101 1292 4162 nonnulla
1348 4097 1546 4162 Voluntatem
1568 4099 1711 4181 appello,
1734 4118 1807 4163 curn
1830 4098 2009 4181 unusqnivis
2031 4118 2049 4162 a
2072 4097 2202 4162 nomine

445 4217 515 4282 qua
535 4199 579 4262 eis
592 4196 799 4262 describendis
817 4198 886 4271 usui
905 4216 972 4260 esse
991 4203 1146 4280 poterunt,
1165 4216 1204 4261 ex
1219 4198 1293 4260 Var-
1350 4196 1410 4260 alio
1423 4196 1553 4280 imponit
1567 4215 1693 4275 nomeu,
1707 4197 2029 4275 utRomulua,Iiomoe.
2051 4196 2202 4260 Naturam

444 4315 521 4362 rone
534 4295 744 4377 subjiciemus.
760 4296 881 4362 Etenim
895 4295 1025 4360 libenter
1035 4295 1213 4360 Ciceronem
1228 4297 1295 4358 imi·
1349 4296 1429 4372 dico,
1451 4313 1524 4360 cum
1546 4296 1678 4360 universi
1701 4303 1863 4379 acceptum
1885 4314 1999 4361 nomen
2022 4294 2061 4358 ab
2083 4313 2121 4360 eo
2145 4295 2202 4378 qui

445 4402 557 4474 tamur,
566 4395 632 4479 qni,
643 4395 666 4460 l.
677 4385 767 4475 lV,'c.
781 4399 873 4474 11,1,
887 4396 926 4459 ad
939 4393 1077 4458 Atticum
1091 4395 1135 4458 sic
1146 4395 1293 4478 scriptum
1349 4396 1494 4480 imposuit
1511 4413 1573 4459 nou
1593 4395 1788 4478 requirimus,
1803 4393 2066 4477 quemadmodum
2080 4394 2113 4456 id
2125 4395 2204 4457 velit

445 4493 717 4577 reliquitraVelim
732 4495 906 4559 domumad
917 4501 986 4557 tuos
997 4494 1164 4574 (llscribas
1175 4491 1293 4556 utmibi
1351 4494 1509 4574 declinari,
1531 4495 1585 4558 sed
1607 4495 1662 4577 ipsi
1683 4493 1886 4572 declinamus,
1902 4499 1960 4556 ut:
1976 4493 2063 4575 lajas
2081 4492 2202 4569 liomoe,

446 4591 491 4654 tui
504 4591 573 4654 libri
582 4599 719 4675 pateant,
734 4612 797 4658 non
811 4611 901 4657 secus
911 4591 982 4655 acsi
995 4591 1059 4672 ipse
1073 4590 1206 4669 adesses,
1222 4609 1293 4654 cunr
1350 4594 1425 4657 lonc
1438 4595 1563 4657 Romam
1567 4640 1629 4657 .....
1645 4593 1746 4657 Tertia
1766 4592 1874 4656 divisio
1895 4599 1943 4656 est
1960 4591 2132 4674 quaeverba
2146 4592 2204 4656 de·

446 4693 557 4769 caten,
568 4693 807 4758 tumVarrouis:
823 4701 868 4758 est
880 4694 963 4757 enim
975 4692 1050 4756 mibi
1065 4692 1214 4756 utendum
1228 4691 1295 4774 qni·
1350 4693 1462 4756 clinata
1473 4711 1491 4755 a
1504 4699 1612 4756 natura
1623 4691 1730 4755 dividit
1742 4691 1775 4755 in
1788 4699 1891 4774 partes
1900 4696 2042 4774 quatuor,
2058 4689 2089 4752 in
2105 4708 2203 4753 unam

446 4791 576 4855 busdam
589 4791 681 4856 rebus
695 4813 733 4855 ex
748 4793 783 4856 iis
791 4791 887 4871 libris,
901 4792 942 4854 ad
954 4811 1008 4855 eos
1021 4808 1100 4873 quos
1110 4790 1141 4854 in
1154 4790 1295 4853 manibus
1351 4792 1481 4874 primam
1499 4791 1655 4867 videlicet,
1676 4809 1745 4873 quae
1766 4791 1858 4853 babet
1878 4808 1978 4868 casus,
2000 4807 2102 4871 neque
2121 4795 2205 4851 tent·

446 4889 556 4954 babeo.
569 4913 584 4951 a
599 4889 629 4954 ls
642 4891 735 4972 igitur
742 4892 851 4970 Varro,
861 4889 960 4955 cuill.
975 4889 1104 4968 Tullius,
1116 4889 1216 4952 latinae
1230 4889 1294 4952 elo·
1351 4911 1435 4974 pora,
1452 4899 1488 4955 ut
1501 4891 1614 4970 docilis,
1628 4892 1747 4973 [culm
1760 4890 1791 4953 in
1804 4890 1941 4968 alteram,
1957 4907 2026 4972 quae
2040 4897 2202 4972 tempora,

446 4988 581 5070 quentiae
602 4988 709 5053 lumen
733 4997 765 5052 et
786 4995 1014 5065 ornamentum,
1035 4993 1155 5050 tantum
1178 4985 1295 5063 tribuit,
1351 5009 1565 5076 nequeamus,
1580 4989 1827 5072 utdocet,soeit,·
1840 4989 1872 5051 in
1886 4987 2100 5071 tertiumque
2118 4993 2205 5050 utra-

447 5086 591 5151 cmtionis
613 5093 726 5169 partes,
741 5087 791 5149 l.l
810 5089 849 5151 de
872 5087 959 5169 ling.
975 5088 1043 5164 lat,
1059 5086 1081 5148 l.
1095 5084 1172 5162 Vlll,
1188 5088 1221 5163 a,
1234 5084 1294 5149 boe
1351 5110 1426 5175 que,
1440 5097 1473 5154 ut
1486 5090 1600 5168 doecru,
1614 5089 1744 5171 sariam
1763 5088 1795 5151 in
1815 5093 1967 5169 quartam,
1989 5105 2058 5168 quae
2078 5093 2202 5168 neutra,

1352 5197 1386 5253 nt
1399 5190 1482 5252 docte
1499 5196 1529 5252 et
1545 5189 1651 5270 fucate.
1666 5209 1682 5248 a
1700 5187 1797 5262 idem,
1815 5187 1838 5249 l.
1860 5184 1939 5264 Vlll,
1958 5187 2010 5262 11,
2028 5185 2204 5249 orationem

481 5341 486 5390 ζ
494 5329 516 5391 l)
532 5329 665 5390 Lemaire,
680 5329 806 5392 Orellius,
821 5329 921 5380 Teubu.
941 5329 1031 5394 legunt
1045 5341 1053 5379 :
1067 5344 1081 5376 u
1095 5327 1176 5379 Velim
1189 5327 1294 5380 domurn
1352 5289 1446 5353 etiam
1459 5288 1491 5349 in
1502 5293 1638 5369 (ΙωῦοΓ
1650 5292 1752 5369 Pffles
1765 5285 1809 5349 ⁵5⁰
1821 5284 1950 5368 imitus
1968 5303 1977 5347 ²
1999 5301 2094 5346 unam
2103 5328 2115 5360 a
2124 5301 2204 5394 §1¹¹ae

447 5407 483 5458 cu
497 5411 520 5458 te
533 5408 640 5460 senuas.
659 5427 674 5458 »
1322 5446 1325 5466 ,
1353 5385 1444 5449 babet
1457 5403 1560 5466 casus3
1572 5386 1788 5467 alteramque
1797 5380 1888 5447 babet
1897 5388 2035 5464 tempora
2040 5399 2051 5462 ;
2061 5385 2204 5460 tertiam,
