4678 6162
799 937 923 1076 DE
987 933 1347 1078 VERBIS
1414 933 1875 1078 POETICIS

516 1356 608 1435 544.
639 1353 855 1436 Verborum
885 1355 1040 1436 licentia
1068 1352 1266 1434 liberiores
1292 1353 1414 1433 multo
1446 1361 1537 1433 sunt
1565 1362 1688 1460 poetae
1715 1380 1830 1458 quam
1859 1364 2044 1454 oratores,
2076 1355 2206 1460 quihus

463 1480 609 1562 assidue
631 1489 880 1586 accurateque
904 1479 1088 1588 legendis,
1111 1505 1188 1558 non
1213 1480 1339 1558 solum
1361 1479 1492 1580 verha,
1518 1480 1582 1560 sed
1605 1479 1723 1560 etiam
1745 1491 1883 1562 caetera
1904 1489 2143 1577 ornamenta,
2167 1481 2206 1560 iis

462 1605 529 1712 qui
543 1605 703 1712 poeticae
717 1606 842 1687 studio
861 1613 1059 1702 tenentur,
1074 1603 1368 1710 diligentissime
1384 1613 1473 1684 sunt
1489 1605 1741 1686 observanda.

757 1981 851 2096 DE
905 1979 1456 2098 PATRONYMICIS
1506 1981 1917 2100 NOMINIBUS

518 2271 676 2378 Propria
694 2297 827 2353 eorum
849 2278 939 2352 suut
961 2296 1044 2376 quae
1065 2294 1087 2347 a
1109 2266 1371 2377 grammaticis
1393 2267 1661 2375 patronymica
1675 2278 1874 2370 vocantur,
1893 2269 1995 2376 quod
2017 2295 2039 2348 a
2063 2279 2206 2377 patmm

466 2397 735 2505 majorumque
760 2396 985 2477 nominibus
1007 2394 1123 2486 iacta,
1152 2392 1277 2472 lilium
1304 2399 1370 2472 aut
1397 2391 1532 2494 filiam,
1565 2404 1746 2500 nepotem
1774 2404 1839 2476 aut
1866 2403 2047 2503 neptem,
2077 2404 2206 2476 auter

466 2521 628 2631 posteris
646 2521 815 2628 aliquem
835 2519 1067 2630 significent.
1091 2519 1179 2598 Haec
1195 2517 1274 2598 iere
1290 2543 1312 2597 a
1326 2516 1459 2624 graeeis
1479 2517 1702 2600 nominihus
1723 2520 1836 2621 fiunt,
1858 2529 1970 2626 atque
1993 2522 2054 2602 vel
2074 2521 2116 2600 iu
2136 2522 2205 2619 der,

468 2646 528 2728 vel
542 2673 600 2745 aa,
617 2647 678 2726 vel
693 2649 739 2747 is,
752 2646 814 2726 vel
828 2671 875 2726 ne
887 2651 1044 2743 exeunt,
1060 2667 1223 2748 quorum
1239 2641 1365 2747 prima
1379 2642 1595 2723 masculina
1609 2652 1713 2745 sunt,
1731 2653 1769 2726 et
1783 2647 1916 2752 primae
1930 2645 2204 2742 declinationis,

469 2780 511 2853 ut
525 2772 692 2870 Pelides,
710 2769 896 2870 Achilles,
913 2767 1017 2850 Pelei
1031 2767 1145 2848 filius.
1164 2766 1332 2868 Ovidius,
1350 2767 1461 2875 epist.
1480 2768 1579 2868 Vlll,
1596 2796 1632 2849 v.
1651 2770 1701 2850 83
1718 2802 1727 2888 ς

886 2953 1002 3018 Pelides
1011 2953 1126 3018 utinam
1141 2952 1261 3016 vitasset
1273 2951 1425 3036 Apollinis
1437 2959 1541 3018 arnust

469 3120 660 3219 AEaez'des,
681 3118 868 3218 Achilles,
886 3116 995 3198 AEaci
1010 3140 1142 3223 nepos.
1160 3114 1357 3224 Virgilius,
1375 3118 1467 3197 AEn.
1485 3118 1515 3216 l,
1532 3145 1570 3198 r.
1588 3117 1638 3197 99
1654 3150 1664 3198 :

865 3305 969 3370 Savus
983 3303 1036 3368 uhi
1049 3303 1192 3369 AEaer‘da
1204 3304 1268 3369 telo
1280 3306 1364 3386 jacet
1376 3303 1498 3376 Hector,
1516 3305 1570 3370 uhi
1587 3307 1695 3388 iugens

869 3403 1039 3488 Sarpedon.

472 3567 662 3668 AEaceilea,
678 3566 860 3673 Pyrrhus,
878 3589 1067 3672 pronepos
1081 3563 1205 3646 AEaci.
1223 3565 1342 3664 ldem,
1361 3566 1452 3645 AEn.
1470 3567 1534 3666 lll,
1548 3593 1585 3645 v.
1605 3567 1681 3647 296
1699 3597 1707 3646 :

871 3751 1020 3832 Conjugio
1034 3750 1178 3816 AEneida
1190 3751 1309 3834 Pyrrhi,
1323 3751 1513 3835 sceptrisque
1523 3753 1667 3840 politum.

475 3913 667 4013 AEaee‘dee,
694 3914 875 4022 Pyrrhus,
901 3913 1146 4018 Epirotarum
1168 3939 1246 4013 rex,
1272 3914 1319 3994 ah
1343 3915 1462 3995 AEaeo
1483 3909 1673 4022 originem
1698 3915 1866 3996 trahens.
1892 3916 2019 4012 ldem',
2042 3916 2128 3994 AEu.
2151 3911 2214 4008 Vl,

475 4065 511 4119 v.
531 4039 633 4119 838:

873 4196 967 4261 Eruet
977 4197 1028 4261 ille
1043 4198 1152 4279 Argos,
1165 4197 1484 4280 Agamemnoniasque
1497 4197 1649 4281 hlycenas,

873 4295 1038 4378 Ipsumque
1053 4295 1217 4374 AEoerilen,
1232 4313 1330 4377 genus
1342 4295 1549 4378 armipotentis
1560 4295 1702 4360 Achillei.

529 4457 674 4540 Cretera
689 4455 877 4537 feminina
892 4464 979 4536 sunt
994 4464 1032 4538 et
1047 4457 1317 4538 declinationis
1333 4457 1467 4558 tertiae,
1486 4457 1655 4564 exeeptis
1669 4455 1830 4556 ultimis,
1848 4483 1932 4562 quea
1947 4457 2120 4539 secundae
2137 4461 2221 4534 sunt

477 4582 711 4684 Graecomm,
730 4591 771 4662 ut
790 4580 975 4682 Thraecas,
993 4582 1159 4684 Althaea,
1177 4583 1320 4665 Thestii
1336 4583 1430 4664 lilia.
1448 4583 1616 4684 Ovidius,
1634 4587 1790 4666 Metam.
1808 4583 1907 4684 Vlll,
1921 4611 1959 4662 v.
1978 4583 2079 4667 473:

875 4768 1006 4832 Tharrias
1019 4768 1101 4834 haud
1115 4770 1203 4833 aliter
1216 4769 1317 4833 duhiis
1329 4769 1490 4834 aflectibus
1504 4777 1595 4834 errat.

479 4931 763 5031 Thaumantias,
781 4931 864 5034 lris,
882 4931 1137 5013 Thaumantis
1151 4932 1245 5036 lilia.
1260 4931 1462 5040 Virgilius,
1481 4935 1572 5013 AEn.
1590 4935 1656 5029 lx,
1674 4960 1710 5012 v.
1730 4935 1751 5011 5
1773 4965 1781 5014 :
1833 5023 1836 5029 ,

873 5118 923 5181 Ad
936 5136 1030 5202 quern
1044 5117 1087 5182 sic
1101 5137 1191 5182 roseo
1207 5118 1419 5182 Thaumantias
1431 5137 1486 5182 ore
1498 5119 1601 5184 locuta
1615 5125 1673 5183 eat.

475 5276 613 5379 AEolrlr,
631 5278 820 5386 Alcyone,
841 5279 940 5360 AEoli
956 5278 1049 5360 lilia.
1067 5279 1235 5382 Ovidius,
1251 5275 1408 5361 Metam.
1426 5282 1492 5383 Xl,
1508 5309 1545 5361 v.
1565 5282 1640 5361 573
1661 5313 1670 5360 ε

872 5463 976 5529 AEotir
989 5465 1107 5531 intereo
1120 5471 1277 5532 tantorum
1289 5467 1395 5548 ignara
1407 5468 1571 5533 malorum.
