4616 6160
1131 552 1173 602 DE
1202 550 1363 603 nonnum
1389 548 1654 602 nncnlrtarrortu.

1191 769 1583 851 Aoausnrrvus.
1639 735 1645 754 '

581 918 670 999 l89.
701 917 949 1001 Accusativus
963 917 1041 1001 erit
1053 917 1094 999 in
1110 945 1182 1021 em,
1198 929 1240 1000 ut
1252 947 1478 1002 sermonem.

1237 1135 1490 1208 EXCEPTlO
1515 1138 1542 1208 l.

578 1275 709 1373 Baris,
725 1277 908 1375 maumas,
916 1275 1054 1380 peloris,
1070 1278 1185 1377 cavas,
1199 1281 1354 1376 aarum,
1372 1281 1495 1376 tasas,
1510 1303 1566 1357 aar
1579 1276 1619 1356 in
1634 1281 1686 1356 im
1700 1285 1857 1358 exeunt.

1227 1492 1478 1566 EXCEPTlO
1506 1493 1551 1564 ll.

576 1631 726 1732 neno,
744 1636 866 1733 naon,
876 1635 1033 1738 puppis,
1051 1633 1181 1732 clavis,
1199 1639 1321 1735 rastis,
1338 1639 1462 1714 turris
1476 1635 1516 1715 in
1531 1661 1589 1715 aaa
1604 1634 1665 1715 vel
1683 1637 1736 1714 im
1748 1632 2019 1716 terminantur.

1063 1889 1442 1970 AGCUSATIVUS
1472 1888 1713 1970 GRAECUS.

577 2039 731 2119 Graecus
743 2035 979 2119 accusativus
994 2037 1035 2120 in
1047 2039 1172 2142 uexit,
1188 2048 1232 2122 ut
1244 2041 1424 2143 Hectora,
1442 2043 1663 2141 Calchanta,
1679 2068 1783 2140 acro,
1801 2041 1958 2122 atlrora.

1242 2259 1494 2331 EXCEPTlO
1519 2261 1547 2330 l.

575 2399 706 2480 Graca
724 2426 745 2478 o
764 2397 876 2481 litera
897 2399 1009 2481 finita
1032 2401 1177 2481 habent
1200 2401 1457 2483 accusativum
1481 2389 1647 2481 simileni
1670 2396 1923 2500 nominativo,
1948 2408 1990 2480 ut
2014 2399 2158 2500 Manto,
2180 2402 2254 2480 Ca-

522 2525 643 2631 lppsa
658 2526 798 2606 Alecto.

1225 2689 1478 2762 EXCEPTlO
1504 2689 1549 2761 ll.

574 2830 704 2912 Graeca
723 2830 918 2944 trisyllaba
933 2831 1045 2912 finita
1057 2857 1141 2937 quae
1152 2833 1253 2939 apud
1268 2833 1426 2912 Latinos
1439 2831 1652 2940 genitivum
1669 2831 1814 2912 habent
1827 2829 1993 2911 similem
2008 2829 2253 2930 nominativo,

521 2956 593 3036 hoc
608 2963 678 3056 est,
696 2982 859 3060 quorum
880 2957 1070 3064 genitivus
1089 2956 1189 3062 apud
1205 2959 1352 3039 Graecos
1376 2958 1416 3037 in
1441 2985 1481 3037 os
1494 2957 1590 3057 exit,
1615 2958 1723 3036 nulla
1743 2957 1981 3062 praecedente
2005 2967 2254 3054 consonante,

522 3080 734 3162 accusativo
749 3082 894 3162 iaciunt
908 3088 949 3161 c'a
962 3109 1096 3191 graece,
1112 3085 1173 3165 vel
1188 3089 1240 3164 lm
1256 3085 1391 3184 latine,
1405 3093 1447 3164 ut
1462 3084 1686 3190 Charybdis,
1706 3085 1928 3189 Charybdin
1942 3082 2001 3164 vel
2017 3085 2254 3190 Clmrpddrin.

578 3207 627 3284 Ys
652 3205 761 3286 finita
786 3206 1024 3310 frequentius
1048 3208 1089 3288 in
1117 3238 1170 3316 pa
1196 3237 1310 3314 quam
1337 3210 1377 3290 in
1403 3217 1653 3316 praemunt,
1684 3217 1727 3289 ut
1756 3207 1913 3316 Tetlcps,
1944 3197 2106 3315 Tctdpnss
2132 3213 2255 3316 Cotys,

523 3333 661 3437 Cotym·
681 3331 817 3435 Halys,
835 3331 965 3436 Halyn
980 3333 1041 3415 vel
1057 3334 1217 3440 Halym.

574 3457 665 3553 Qua
680 3482 770 3536 vero
788 3456 958 3564 genitivo
976 3469 1166 3560 crescunt,
1185 3487 1311 3566 neque
1327 3469 1527 3543 accentum
1543 3462 1687 3542 habent
1703 3459 1743 3540 in
1763 3457 1914 3559 ultima,
1936 3459 1975 3540 in
1994 3464 2034 3538 cic
2049 3461 2111 3541 vel
2131 3466 2183 3540 tm
2203 3461 2259 3540 vel

521 3608 581 3660 em
599 3587 755 3681 exeunt,
778 3588 820 3660 ut
838 3583 966 3682 Parca,
985 3585 1166 3664 Paridis:
1183 3587 1322 3685 Porcia,
1342 3587 1402 3667 vel
1423 3588 1570 3687 Puram,
1594 3585 1655 3666 vel
1674 3585 1875 3684 Persidem
1894 3585 1986 3684 Iris,
2005 3584 2128 3664 Iridis
2146 3616 2158 3663 .·
2176 3586 2261 3665 Iria

521 3705 582 3786 vel
596 3704 757 3804 lrailem;
778 3706 864 3807 Isis,
881 3707 994 3787 Isidis
1013 3739 1023 3788 :
1043 3709 1137 3809 lactc,
1156 3710 1219 3790 vel
1239 3709 1348 3812 Isim,
1373 3711 1434 3792 vel
1454 3711 1615 3812 Isidom‚·
1636 3735 1721 3816 qua
1742 3708 1859 3792 etiam
1882 3708 1922 3788 in
1945 3736 1969 3790 a
1991 3709 2093 3815 apud
2115 3711 2261 3792 Graecos

520 3839 677 3932 exeunt,
696 3841 740 3911 ut
752 3833 913 3934 Parada,
930 3843 1003 3914 etc.

562 4045 709 4124 Cmomir,
733 4044 856 4128 quando
880 4047 1004 4110 marmio
1025 4045 1098 4111 lacit
1117 4047 1265 4129 genitivo,
1290 4047 1363 4112 lacit
1422 4047 1538 4112 Probus
1551 4047 1757 4112 dicendumne
1771 4050 1851 4110 esset
1872 4044 1983 4107 turrim
2002 4062 2043 4106 an
2066 4053 2202 4125 turrem,
2219 4067 2262 4110 re

518 4145 660 4207 marmio.
682 4143 772 4220 Prin„
788 4144 812 4208 l.
826 4144 896 4224 XX,
910 4165 938 4209 c.
952 4149 982 4223 3,
996 4147 1040 4208 i:
1060 4169 1074 4206 c
1090 4146 1192 4229 Aliqui
1213 4147 1305 4211 etiam
1324 4147 1362 4210 ab
1421 4147 1542 4228 spondit
1553 4146 1799 4227 interrogandam
1813 4163 1878 4208 esse
1893 4163 2010 4206 aurem.
2028 4142 2105 4206 Vide
2121 4144 2261 4222 Gellium,

518 4261 557 4306 eo
579 4242 774 4326 scorpionum
800 4245 937 4307 cucumin
958 4250 1088 4324 vocant,
1118 4245 1361 4311 efficacissimum
1420 4245 1441 4308 l.
1466 4245 1550 4324 Xlll,
1573 4267 1602 4309 c.
1626 4248 1677 4308 20.
1701 4245 1816 4321 Gaemr,
1842 4241 1928 4306 Bella
1947 4241 2018 4319 civ„
2039 4241 2060 4303 l.
2087 4241 2125 4320 ll,
2148 4263 2178 4306 a.
2204 4247 2262 4306 ro:

517 4348 625 4407 contra
636 4343 833 4426 scorpionum
846 4345 934 4409 ictus.
948 4367 964 4406 r
979 4344 1108 4424 lbidem,
1125 4366 1154 4409 c.
1166 4349 1198 4424 2,
1214 4351 1228 4409 l
1247 4365 1256 4410 :
1275 4369 1291 4407 a
1307 4347 1362 4410 Cu·
1424 4342 1553 4415 «Quem
1571 4362 1588 4405 a
1606 4342 1682 4406 turri
1701 4341 1831 4403 lateritia
1851 4339 1891 4401 ad
1912 4339 2044 4400 hostium
2067 4340 2179 4401 turrim
2199 4359 2264 4401 mu-

516 4443 613 4504 cumio
629 4441 799 4506 silvestrem
815 4461 882 4506 csse
895 4443 1027 4506 diximus
1040 4444 1231 4509 multoinlra
1245 4447 1362 4527 magni·
1419 4459 1551 4524 rumque
1574 4442 1790 4524 perducerent.
1814 4461 1829 4498 a
1853 4437 1943 4515 thid„
1969 4457 1996 4499 c.
2022 4439 2076 4515 95
2106 4435 2262 4501 oGircum

515 4540 655 4604 tudinem
672 4541 769 4604 sativi.
789 4540 910 4605 »Libro
921 4541 1006 4621 xlx,
1023 4563 1052 4607 c.
1069 4546 1120 4622 58,
1135 4547 1165 4622 3,
1180 4546 1294 4606 αιεωηι·
1309 4545 1362 4607 da·
1420 4541 1541 4602 turrim.
1564 4561 1579 4599 r
1604 4538 1700 4602 Paulo
1716 4545 1785 4620 post
1806 4557 1814 4600 :
1840 4560 1856 4598 a
1878 4536 1926 4598 Ad
1950 4536 2059 4597 turrim
2082 4534 2260 4601 hostium.»

514 4639 612 4716 tirum
625 4641 773 4705 invenies.
786 4640 899 4721 Plaut„
910 4642 1016 4705 Aulul.
1027 4649 1087 4707 act.
1102 4642 1140 4723 tl,
1152 4663 1195 4708 sc.
1206 4646 1238 4722 t,
1254 4663 1282 4707 v.
1298 4646 1359 4708 5¹1:
1419 4635 1518 4715 Idem,
1533 4637 1618 4702 Bello
1633 4637 1725 4714 cart,
1741 4636 1762 4698 l.
1777 4636 1821 4714 ll,
1834 4655 1862 4698 c.
1877 4637 1939 4700 ³0:
1959 4633 2076 4697 r'lanti
2089 4635 2191 4699 oneris
2204 4644 2264 4697 tur·

1420 4737 1478 4798 rim
1492 4737 1524 4799 in
1540 4755 1644 4801 muros
1656 4757 1723 4801 sese
1737 4736 1888 4801 collocare
1904 4733 2104 4798 confiderent.
2127 4756 2143 4794 s
2166 4734 2262 4816 Virg„

657 4855 664 4869 .
683 4853 690 4867 .
708 4855 715 4870 .
734 4835 742 4870 .“
760 4857 767 4872 .
784 4820 823 4870 Ad
836 4820 924 4872 ravim
935 4833 1081 4886 poscam...
1419 4833 1490 4898 AEn·
1505 4835 1544 4914 ῃ,
1559 4856 1589 4899 v·
1603 4839 1687 4900 460:

420 5019 428 5034 .
518 4975 616 5056 idam,
631 4978 747 5058 distet,
763 4980 845 5064 apud
858 4981 1005 5061 Nonium,
1015 5002 1043 5047 c.
1054 4987 1085 5063 2,
1098 5002 1128 5046 n.
1143 4987 1223 5048 730:
1484 4987 1589 5038 Turrim
1602 4988 1630 5039 i11
1642 4986 1766 5053 precipui
1781 4993 1900 5039 sunam.

1421 5124 1547 5187 Turrem
1560 5143 1628 5187 raro
1642 5124 1724 5206 apud
1746 5125 1894 5188 Gaesarem
1916 5123 2062 5186 invenies.
2086 5121 2175 5187 Bello
2195 5126 2263 5200 civ,

1418 5223 1440 5287 1.
1455 5224 1499 5303 ll,
1514 5244 1542 5288 c.
1560 5226 1598 5286 tt
1615 5247 1622 5288 :
1642 5225 1775 5304 atlajori
1791 5243 1863 5287 cum
1876 5223 1987 5286 fiducia
2006 5223 2045 5285 ad
2060 5223 2190 5286 alteram
2204 5233 2265 5285 tur-

556 5322 663 5385 Torris
676 5322 863 5408 frequentius
885 5326 994 5387 tumim
1012 5345 1067 5407 per
1083 5325 1204 5388 tertiam
1221 5323 1359 5389 vocalem
1419 5343 1481 5386 ran
1495 5343 1701 5407 aggeremque
1714 5323 1873 5408 eruptione
1886 5327 2142 5405 pugnaverunt.»
2162 5323 2264 5386 Vitru-

510 5417 584 5481 lacit
611 5438 703 5501 quom
728 5439 783 5502 per
809 5421 988 5498 secundam,
1009 5432 1135 5486 turrem.
1154 5421 1358 5492 Interronatus
1417 5421 1495 5500 vius,
1511 5422 1532 5485 l.
1549 5423 1590 5502 X,
1606 5442 1635 5485 c.
1652 5426 1715 5487 13:
1737 5421 1847 5485 «Fieri
1867 5427 1969 5484 autem
1983 5420 2025 5482 ait
2040 5429 2186 5501 oportere
2200 5437 2265 5483 eam

577 5159 732 5227 Expurgebo
741 5161 828 5215 hercle
838 5164 924 5216 amnia
937 5163 969 5215 ad
981 5177 1085 5216 raucam
1094 5164 1191 5215 racina
