4654 6168
720 538 764 591 on
794 539 985 594 annuamus
1014 540 1189 596 uouxxuu.
1755 524 1828 602 155

94 665 184 748 fluens,
198 667 357 748 confluens,
373 669 515 751 cornipes,
531 672 688 750 continuus,
702 671 849 754 tspmues,
866 693 932 736 cou-
987 693 1043 758 pro
1064 675 1268 754 {firmamento
1277 723 1287 756 ‚
1319 676 1436 758 decem,
1467 679 1597 744 occidens
1606 727 1616 761 ,
1644 701 1829 766 consequens,

94 765 327 843 sonumuocolis,
339 769 848 852 preasens,ethissimiliaejusdem
861 778 933 837 sunt
988 774 1178 851 conueniens,
1204 793 1272 856 quae
1296 776 1430 856 prudens
1451 779 1594 858 magister
1615 780 1773 845 rhetoricis
1796 801 1832 846 ao

95 863 211 944 genens,
230 865 321 945 cujus
341 870 389 929 est
401 865 622 932 substantivum
637 870 721 952 quod
739 870 930 934 subauditur.
988 872 1154 937 dialecticis
1164 872 1384 954 professoribus
1396 876 1549 958 relinquet
1561 877 1684 957 intacta,
1694 899 1746 957 ne,
1759 881 1833 944 dum

95 963 203 1026 Nuolis
221 964 384 1028 masculini
399 972 445 1028 est
461 968 595 1047 generis,
614 969 686 1051 quia
708 969 831 1032 auditur
850 970 933 1049 dies,
990 973 1020 1034 in
1034 971 1240 1052 grammatica
1253 973 1448 1054 rudimentis,
1460 981 1495 1038 ut
1503 975 1666 1058 aliquando
1674 979 1833 1058 usuvenit,

95 1061 299 1145 molummis
313 1064 409 1146 lupis,·
425 1064 541 1146 Oriens,
556 1067 784 1151 Oeudemquia
798 1070 933 1149 sol,·cou-
989 1069 1116 1133 ridicule
1138 1068 1292 1134 rhetorem
1316 1077 1369 1135 aut
1383 1071 1578 1136 dialecticum
1595 1073 1667 1154 agit,
1684 1074 1777 1139 oldcii
1788 1077 1835 1139 sui

94 1161 186 1238 tuens,
203 1161 400 1240 femininum,
414 1165 486 1247 quia
499 1174 585 1229 terro
605 1167 799 1249 subauditur3
822 1167 930 1239 tideus,
991 1166 1196 1232 obliviscatur.
1220 1168 1319 1243 Quare
1340 1172 1464 1234 tertium
1487 1172 1669 1236 versiculum
1690 1177 1834 1255 tauquam

95 1261 165 1340 onim
184 1259 340 1346 limnas,
362 1263 487 1342 securim
504 1264 643 1344 biremis,
667 1267 808 1343 triremos,
831 1269 934 1346 uenis,
990 1265 1130 1330 intestam
1156 1267 1361 1348 grammaticae
1388 1267 1569 1352 Charybdim
1592 1269 1683 1333 remis
1702 1270 1835 1354 velisque

93 1379 253 1439 mosomus,
274 1363 394 1442 uocalis,
414 1363 524 1442 litero,·
541 1381 680 1445 presens,
696 1373 844 1445 neutrum,
864 1367 934 1447 quia
991 1365 1098 1446 lugiet.
1115 1363 1205 1438 Quod
1220 1365 1245 1428 si
1259 1365 1322 1429 duo
1336 1367 1468 1449 proximi
1482 1367 1673 1432 obscuriores
1691 1368 1837 1431 videbun-

95 1459 206 1524 auditnr
219 1465 344 1542 terupm
990 1472 1051 1543 tur,
1067 1481 1123 1545 per
1135 1482 1186 1526 me
1198 1464 1246 1527 vel
1259 1463 1419 1528 deleantur
1430 1466 1555 1529 omnino
1568 1465 1640 1530 licet
1646 1512 1657 1543 ,
1667 1484 1730 1530 nou
1744 1465 1838 1532 modo

127 1558 212 1634 Quod
226 1559 252 1623 si
266 1559 454 1640 adjectivum
468 1579 522 1644 per
543 1579 576 1624 se
594 1565 728 1644 ponatur
740 1562 772 1624 in
786 1561 933 1640 oratione,
992 1560 1096 1624 intacti
1106 1562 1391 1644 praetermittantur,
1401 1564 1432 1627 id
1444 1565 1528 1650 quod
1537 1564 1576 1628 de
1587 1564 1839 1650 consequentibus

93 1674 186 1739 neque
199 1657 328 1740 aliquod
348 1658 570 1722 substantivum
591 1677 706 1723 nomeu
724 1659 933 1738 subaudiatur,
992 1656 1111 1723 dietum
1125 1660 1173 1723 sit.

94 1755 145 1818 en't
156 1756 294 1820 neubius
307 1756 441 1838 generis,
455 1761 490 1820 ut
507 1756 675 1836 continens,
690 1757 773 1840 apud
785 1757 935 1836 rhetores,

228 2012 317 2092 172.
349 2011 715 2118 Respieimusfines,
738 2039 818 2094 non
838 2015 1067 2124 significata,
1084 2016 1325 2121 frequentem

351 2139 537 2243 Zeupnou,
554 2139 672 2220 Reate
688 2139 772 2220 ideo
787 2139 883 2246 petit
896 2122 980 2240 boe,
998 2167 1087 2222 cum
1106 2140 1272 2247 pruue,
1290 2145 1414 2243 Caere,

352 2263 437 2344 Hoc
450 2264 659 2365 Praeneste,
682 2264 836 2371 Hospul.
858 2267 988 2346 Sulmo
1003 2268 1064 2346 lu'c
1077 2267 1295 2347 uberrimus
1309 2269 1436 2348 undis

352 2386 509 2468 llartius
522 2389 582 2468 lu'e
596 2389 728 2470 Narbo
744 2390 932 2471 braooatae
946 2389 1073 2499 gloria
1083 2391 1228 2498 gentis3

349 2513 444 2594 Haec
459 2514 642 2594 damnata
660 2513 726 2595 diu
742 2515 927 2596 Romanis
938 2518 1042 2597 Allo'u
1056 2514 1173 2596 lastis.

128 2756 197 2822 llaec
209 2758 354 2836 nomina,
378 2756 517 2840 quamvis
529 2758 652 2840 propria
665 2758 726 2822 sint
739 2759 934 2841 oppidorum,
996 2758 1117 2821 venitur
1132 2757 1238 2836 Godir,
1257 2757 1342 2840 quod
1363 2758 1488 2839 quidum
1511 2759 1694 2824 femininum
1708 2779 1774 2824 esse
1785 2779 1843 2843 pu-

93 2862 191 2920 tamen
205 2865 277 2920 sunt
288 2861 410 2935 neutra,
424 2857 497 2940 quia
509 2856 642 2920 habetur
653 2857 756 2940 potius
766 2857 844 2921 ratio
857 2856 937 2938 posi·
995 2862 1153 2934 taverunt;
1178 2855 1234 2919 sed
1251 2854 1412 2919 Sallustius
1426 2860 1570 2919 neutrum
1585 2875 1652 2920 esse
1667 2857 1800 2923 ostendit
1812 2857 1843 2920 ia

92 2955 177 3018 tionis
199 2973 293 3038 quam
320 2955 569 3036 significationis3
602 2957 627 3018 si
652 2955 776 3038 quidem
811 2956 937 3019 nomina
996 2954 1021 3016 ll
1043 2955 1263 3032 Historiarum,
1277 2954 1484 3019 accusativum
1502 2955 1632 3019 similem
1655 2957 1842 3021 nominativo

94 3054 183 3116 tertie
198 3053 414 3119 declinationis
431 3075 461 3132 o,
476 3074 502 3133 e,
519 3053 615 3117 literis
631 3053 718 3117 finita
731 3058 840 3120 neutra
852 3061 935 3132 sunt,
996 3071 1127 3136 ponens.
1143 3052 1183 3117 Ut
1201 3052 1252 3116 alii
1270 3053 1460 3117 tradiderunt
1479 3052 1678 3118 «Tartessum
1693 3054 1843 3137 Hispania

92 3152 197 3234 quibus
208 3152 289 3216 adde
300 3153 409 3234 Nepete
421 3153 477 3229 (sic
487 3152 713 3234 euimappellat
727 3151 826 3216 Livius
835 3153 939 3216 multis
996 3153 1184 3221 salvitatem,
1201 3151 1734 3234 quamnunclpriimutatouomine
1749 3149 1844 3218 Godir

91 3249 171 3328 locis,
195 3269 258 3314 nou
280 3249 405 3332 Nepet).
432 3250 556 3315 Suthul.
575 3251 750 3329 Sallustius,
779 3250 863 3314 bello
886 3251 938 3314 lu·
995 3248 1258 3314 shabentrNam
1271 3249 1294 3311 si
1309 3248 1740 3326 essettemininum,Gudiruu
1753 3251 1845 3315 dixis·

91 3347 202 3426 gaab,
217 3369 246 3412 c.
259 3351 299 3414 38
314 3367 323 3412 :
344 3350 509 3432 ollaniqne
522 3350 701 3432 Aulnmspe
716 3348 865 3430 pactionis
872 3368 940 3432 per·
996 3356 1053 3412 set.
1073 3372 1088 3410 u
1106 3349 1177 3414 Haec
1197 3349 1260 3412 ille.
1274 3348 1416 3412 -Libro
1431 3349 1480 3428 Vl,
1496 3368 1528 3431 p.
1548 3353 1620 3428 698,
1635 3351 1718 3414 idem
1731 3351 1841 3430 sentit3

91 3446 175 3528 pulit,
196 3448 252 3525 uti,
269 3448 373 3510 relicto
386 3447 523 3526 Suthule,
539 3448 571 3510 in
585 3447 702 3510 abditas
714 3449 855 3528 regiones
870 3466 938 3511 sese
995 3454 1026 3511 at
1039 3449 1061 3512 l.
1075 3448 1138 3525 Vll,
1153 3468 1185 3531 p.
1202 3452 1272 3524 lli,
1296 3447 1338 3510 ait
1361 3467 1426 3511 esse
1439 3448 1631 3513 femininum.
1648 3450 1739 3528 Plin.,
1755 3451 1776 3513 l.
1791 3449 1841 3529 lV,

91 3546 178 3609 velati
201 3545 363 3610 cedentem
390 3546 638 3630 insequeretur.»
665 3545 849 3623 Priscianus,
862 3546 883 3608 l.
900 3545 939 3625 V,
996 3567 1024 3611 e.
1035 3550 1116 3621 363
1131 3565 1140 3610 :
1153 3545 1277 3609 oNostri
1287 3545 1449 3610 Tartesson
1458 3547 1628 3628 appellant,
1639 3547 1724 3612 Poeni
1737 3547 1841 3627 Gadis,

90 3661 119 3724 p.
146 3647 228 3723 dli,
256 3645 376 3727 putavit
406 3643 519 3707 Suthul
540 3651 573 3708 et
589 3645 710 3708 Muthul
729 3647 851 3728 propria
872 3663 938 3708 esse
996 3647 1038 3710 ita
1061 3646 1173 3728 punica
1195 3645 1300 3725 bagua
1324 3663 1431 3726 sepem
1454 3645 1686 3725 significante.»
1713 3646 1842 3727 Probus,

90 3741 282 3824 oppidorum,
299 3749 331 3806 et
343 3742 483 3824 quamvis
496 3760 569 3807 cum
582 3743 707 3807 nomine
715 3744 822 3826 oppido
831 3745 939 3824 junge·
997 3744 1122 3820 ibidem,
1137 3762 1171 3825 p.
1188 3747 1288 3808 last:
1308 3743 1391 3806 «Hir
1409 3743 1523 3825 syllaba
1536 3745 1732 3808 terminatum
1747 3765 1843 3808 unum

90 3848 204 3918 rentur,
217 3847 253 3905 ut
264 3841 377 3904 Sutbul
387 3839 539 3923 oppidum,
549 3857 612 3904 non
624 3842 938 3922 essegenerisneutii,
998 3860 1110 3906 riomen
1122 3842 1223 3924 reperi
1241 3841 1338 3906 tertiae
1354 3841 1580 3920 declinationis,
1601 3842 1645 3903 ris
1662 3840 1778 3906 faciens
1792 3863 1844 3924 ge·

92 3939 221 4003 maxime
236 3959 310 4002 cum
322 3941 383 4002 sint
397 3940 463 4002 bec
475 3939 601 4003 nomina
613 3940 746 4022 punica,
759 3940 939 4004 Poenorum-
996 3942 1125 4005 nitivum
1149 3960 1158 4004 r
1178 3941 1230 4004 loc
1250 3939 1357 4014 (lodie,
1384 3939 1469 4021 liujus
1495 3938 1637 4018 Gadium,
1664 3958 1777 4004 nomeu
1798 3949 1845 4005 est

90 4055 147 4119 que
167 4037 286 4118 lingua,
312 4055 382 4128 qum
404 4037 541 4102 llebraeae
560 4044 654 4120 atque
674 4037 821 4102 chaldea
833 4039 939 4102 similis
996 4039 1113 4123 oppidi.
1128 4062 1143 4101 r
1156 4040 1307 4116 Avienus,
1318 4043 1352 4100 ut
1362 4057 1434 4100 mox
1449 4038 1596 4116 dicemus,
1612 4036 1759 4102 feminino
1773 4058 1845 4102 usus

92 4141 145 4213 eat,
159 4142 273 4200 neutro
287 4141 522 4217 genereeareal.
537 4135 600 4200 Sed
608 4135 744 4199 Sallustii
757 4136 844 4200 loeus
853 4155 939 4220 aper·
997 4147 1053 4202 est.
1077 4137 1166 4212 Quod
1189 4138 1215 4200 si
1239 4135 1307 4219 quis
1327 4135 1436 4198 dixerit
1460 4134 1637 4198 Sallustium
1659 4144 1691 4198 et
1711 4135 1843 4200 Plinium

92 4234 202 4298 mimo
223 4235 318 4298 docet
340 4241 487 4299 neutrum
510 4251 589 4298 esse.
613 4233 713 4312 ldem,
724 4233 812 4310 ibid,
825 4253 853 4298 c.
873 4239 912 4299 37
927 4255 936 4300 :
995 4239 1088 4300 etiam
1103 4237 1239 4300 femineo
1252 4253 1322 4299 usos
1335 4232 1441 4310 fuisse,
1454 4252 1554 4316 neque
1565 4233 1705 4298 Gadirem
1718 4235 1841 4316 dixisse,

95 4355 109 4390 ι
126 4333 241 4414 llagnis
265 4332 441 4412 itineribus,
469 4333 571 4396 bieme
598 4350 722 4414 aspera,
747 4334 883 4415 pervenit
900 4334 939 4397 ad
995 4335 1078 4418 quod
1096 4353 1155 4398 vox
1171 4335 1210 4397 sit
1225 4334 1350 4416 punica,
1362 4352 1431 4414 quae
1444 4332 1476 4395 in
1491 4351 1578 4395 casus
1590 4350 1653 4396 non
1666 4331 1843 4413 inclinetur,

91 4430 226 4512 oppedam
247 4431 402 4494 Suthul.»
428 4431 460 4494 Si
487 4435 568 4494 esset
595 4430 789 4508 femininum,
815 4431 939 4495 dixisset
996 4433 1168 4515 cujrismodi
1182 4440 1253 4496 sunt
1267 4431 1410 4496 chaldaeae
1423 4437 1454 4494 et
1466 4431 1707 4509 hebraeaevoces,
1720 4451 1844 4514 respon·

92 4530 226 4610 oppilane
239 4530 408 4608 Stellatem
423 4529 609 4612 utoppidum
622 4529 743 4609 Nolam,
757 4528 937 4594 Sulmonem.
997 4533 1138 4597 dabimus
1158 4530 1334 4594 Sallustium
1355 4529 1481 4592 Sutbule
1502 4529 1624 4608 dixisse,
1648 4549 1720 4592 oum
1739 4537 1843 4594 tamen

92 4628 261 4692 -llutliul
273 4627 625 4692 dumenestllumidiae.
648 4627 787 4704 Sallust,
808 4629 937 4706 ibidem,
994 4630 1103 4694 Suthul
1124 4647 1183 4693 vox
1206 4629 1244 4691 sit
1264 4628 1377 4710 punica
1384 4646 1394 4708 ;
1419 4634 1566 4710 proterea
1589 4627 1708 4692 Graecos
1727 4628 1762 4689 sel
1788 4629 1844 4690 lot·

92 4742 118 4788 c.
130 4731 194 4791 ⁴8:
212 4727 314 4790 «Erat
326 4727 358 4790 in
371 4746 408 4790 aa
421 4732 509 4809 parta
522 4725 693 4803 Numidia,
714 4745 808 4808 quam
823 4726 940 4790 Adher-
997 4730 1074 4810 δειρα
1092 4745 1222 4791 numero
1236 4726 1439 4789 multitudinis
1462 4744 1574 4806 genere
1597 4732 1708 4790 neutro
1730 4725 1843 4791 dicere.

92 4823 138 4888 bal
152 4826 186 4888 in
201 4826 351 4891 divisione
364 4825 556 4909 possederat,
566 4824 684 4887 tlumen
697 4824 798 4888 oriens
811 4843 830 4887 a
845 4825 938 4888 meri-
995 4826 1070 4889 llide
1083 4825 1275 4902 Strabonem,
1291 4824 1313 4887 l.
1328 4823 1382 4902 lll,
1394 4844 1426 4906 p.
1444 4827 1515 4903 768,
1530 4823 1629 4904 Suid.,
1641 4823 1801 4888 Phavoriu.

92 4920 528 5007 demonstrandaque
540 4923 645 4988 about
656 4940 758 5001 mons,
777 4928 838 4986 etc.
848 4939 883 5003 ,υ
901 4941 941 4986 ex
1039 4925 1158 5006 Hispal.
1173 4922 1241 5001 Sil,
1255 4922 1277 4985 l.
1293 4922 1344 5000 lll,
1356 4941 1386 4985 v.
1402 4924 1461 4986 397
1478 4941 1486 4985 :

92 5039 151 5102 ‘1¹¹⁰
164 5023 239 5087 ¹⁰⁰⁰
261 5023 340 5087 0000
362 5023 466 5087 00000
489 5021 611 5104 800000
624 5021 727 5103 000080
740 5039 805 5084 000
826 5026 939 5102 000000
1060 5051 1093 5100 Et
1106 5047 1202 5100 celebre
1216 5048 1318 5100 Oceano
1328 5055 1407 5113 atque
1417 5049 1524 5100 alternis
1535 5049 1641 5100 astibus
1652 5047 1757 5116 Hispal.

92 5115 207 5184 ¹''⁰¹”¹⁵
230 5122 261 5184 ¹¹¹
285 5120 449 5186 00000
471 5121 633 5185 00000
662 5120 754 5185 ‘¹⁰⁰⁶‘
775 5125 940 5201 00000
1041 5157 1164 5234 sum,
1189 5155 1288 5219 ovim
1314 5156 1428 5240 patrea,
1454 5145 1657 5220 musonium
1684 5163 1742 5222 ess.
1772 5157 1841 5236 su,

91 5225 325 5284 wasnaum.
1000 5253 1258 5334 i.v1u,v.soo:

129 5317 229 5382 Gadis·
241 5325 329 5402 putat
342 5319 514 5382 Priscianus
522 5319 633 5384 eodem
643 5318 731 5395 libro,
745 5336 778 5400 p.
793 5319 865 5395 648,
877 5333 943 5378 esse
1358 5397 1470 5412 .....
1487 5361 1657 5426 conjungitur
1668 5375 1727 5416 ,w

92 5425 258 5483 monum:
276 5417 424 5499 «Unum,
441 5418 541 5501 inquit
549 5464 560 5496 ,
578 5417 737 5500 proprium
754 5415 882 5478 civitatis
895 5415 942 5476 in·
1063 5442 1196 5506 Pelignus,
1210 5441 1348 5508 pavidoque
1358 5439 1557 5506 raptasutmoue
1567 5441 1696 5494 macrus.
