4662 6156
1090 508 1134 559 DE
1153 506 1380 561 svennatnutt
1399 508 1624 561 nluanstonn.

1200 731 1459 804 APPENDlX
1490 733 1517 803 1.

544 906 583 988 Si
614 908 734 987 altera
760 905 975 987 consona'ns
1003 906 1118 985 luerit
1145 905 1185 984 in
1215 906 1292 986 fine
1320 907 1571 1012 precedentis
1597 905 1790 1004 dictionis,
1822 907 1942 986 altera
1968 906 2009 984 in
2038 905 2223 1012 principio

491 1031 697 1134 sequentis,
712 1031 851 1111 vocalis
864 1029 1116 1110 nibilominus
1129 1031 1245 1136 longa
1260 1030 1346 1130 crit,
1364 1037 1406 1110 ut
1425 1063 1434 1111 ε
1451 1036 1609 1136 stipites,
1627 1032 1826 1138 olongum
1846 1039 1904 1112 est
1923 1030 2111 1136 positione
2122 1031 2224 1111 dua-

491 1180 577 1234 rum
600 1155 894 1234 consonantium
912 1167 928 1232 t
944 1164 982 1235 ct
1001 1183 1043 1259 p,
1066 1154 1245 1259 quamvis
1268 1154 1317 1235 sit
1340 1155 1380 1233 in
1405 1155 1563 1235 diversis
1582 1153 1827 1235 dictionibus.
1851 1153 2049 1262 Virgilius,
2074 1156 2160 1234 AEn.
2189 1159 2218 1254 l,

491 1307 528 1355 v.
545 1278 619 1357 305
635 1311 644 1358 :

882 1431 923 1492 At
935 1429 1004 1511 pius
1014 1430 1126 1493 AEneas
1137 1441 1193 1511 per
1203 1436 1326 1492 noctem
1338 1429 1468 1512 plurima
1479 1429 1614 1491 volvens.
1731 1523 1737 1532 ¹

527 1653 644 1717 vocalis
656 1653 747 1734 longa
761 1659 806 1715 est
819 1659 873 1715 avit
885 1662 995 1714 notura
1016 1658 1069 1715 aut
1079 1653 1221 1734 positione
1233 1672 1246 1712 .·
1263 1651 1328 1714 Na·
1384 1657 1498 1714 naturae
1519 1651 1676 1715 deiecerit.
1701 1651 1792 1729 Nam,
1816 1651 2078 1732 quemadmodum
2104 1653 2217 1714 vocales

487 1761 568 1828 tara,
588 1769 661 1815 eum
684 1750 748 1832 ipsa
770 1769 826 1831 per
839 1769 872 1812 sc
886 1757 993 1830 suapte
1008 1757 1115 1811 natura
1130 1749 1327 1830 producitur,
1383 1756 1498 1811 naturae
1511 1749 1696 1825 deserviunt,
1709 1751 1749 1810 ita
1762 1749 1902 1831 positioni
1915 1756 2130 1812 consonantes.
2145 1749 2216 1812 Ριιι

486 1867 544 1912 nec
554 1847 1255 1928 consonantiumegetadminiculo,utnlllleal
1266 1867 1328 1923 en,
1382 1847 1565 1909 termisimus
1585 1855 1690 1910 tamen
1712 1867 1818 1910 vocem
1837 1848 1943 1925 oreon,
1967 1867 2007 1910 ne
2029 1848 2214 1910 turbarentur

486 1984 524 1993 -
539 1945 697 2022 Positione,
722 1964 790 2026 quae
813 1965 884 2008 eum
907 1952 1013 2027 suapte
1026 1951 1133 2008 natura
1151 1946 1250 2008 brevis
1274 1946 1324 2020 sit,
1382 1943 1506 2008 tirones.
1521 1944 1638 2018 Quotus
1648 1945 1730 2007 enim
1742 1946 1871 2027 quisque
1886 1947 1933 2008 vel
1945 1947 2139 2010 mediocriter
2150 1946 2214 2009 inre

486 2045 716 2108 consonantium
736 2043 886 2105 vicinitate
903 2062 939 2105 ac
961 2043 1110 2106 beneficio
1130 2043 1323 2125 producitur,
1382 2042 1506 2104 metrica
1519 2050 1667 2119 versatus,
1678 2042 1816 2123 intelligit
1829 2043 2010 2120 habeantne,
2025 2043 2213 2120 verbicausa,

485 2141 588 2204 utein
602 2150 697 2218 terro,
708 2140 858 2203 vicinitate
867 2159 903 2203 ac
917 2140 1096 2203 heneficior
1111 2140 1203 2202 literae
1218 2141 1318 2219 gerni·
1381 2149 1477 2217 terro,
1502 2141 1579 2217 eeu,
1604 2159 1690 2221 pazo,
1713 2142 1819 2222 major,
1847 2149 1879 2204 et
1903 2143 1961 2204 alia
1990 2160 2068 2222 pene
2092 2143 2209 2222 intinita,

484 2243 572 2315 natae,
585 2238 732 2319 producta
746 2245 800 2306 est,
816 2257 887 2300 cum
901 2257 920 2299 a
933 2247 997 2299 tero
1009 2238 1091 2301 dicta
1099 2237 1147 2316 sit,
1164 2237 1324 2321 quodver·
1381 2237 1496 2317 priores
1508 2245 1613 2300 natura
1629 2239 1746 2318 longas,
1759 2258 1799 2302 an
1811 2239 1977 2320 positionet
1987 2240 2136 2303 Romanis
2148 2261 2212 2322 pue

484 2337 557 2398 hum
571 2333 701 2417 priorem
716 2334 807 2396 habet
821 2335 955 2397 brevem.
1380 2336 1420 2397 ris
1434 2341 1516 2398 certe
1539 2335 1570 2398 id
1580 2334 1758 2400 facillimum
1771 2336 1839 2412 luit,
1854 2339 1967 2419 quippe
1986 2338 2039 2421 qui
2054 2339 2211 2418 ipsiuslin·

522 2434 604 2508 Quot
617 2433 716 2497 modis
736 2432 852 2494 dicatur
873 2433 985 2514 syllaba
999 2441 1105 2494 natura
1124 2433 1215 2514 longa
1229 2433 1323 2495 docet
1380 2450 1447 2512 guae
1460 2451 1585 2495 munere
1598 2451 1635 2495 ae
1649 2433 1809 2510 henetieio,
1831 2442 1972 2498 essentne
1985 2437 2107 2497 vocales
2119 2436 2211 2518 longe

483 2532 598 2596 Probus
611 2533 632 2594 l.
647 2531 672 2609 l,
687 2551 718 2612 p.
734 2533 823 2606 raet,
846 2535 878 2591 et
897 2528 1070 2608 Diomedes,
1091 2530 1114 2593 l.
1134 2529 1170 2604 ll,
1187 2547 1219 2610 p.
1243 2531 1321 2608 ⁴223
1379 2536 1487 2593 natura
1508 2549 1547 2593 an
1562 2531 1725 2612 positione,
1738 2541 1821 2596 certo
1833 2533 1967 2616 quodam
1979 2550 2058 2596 sono
2070 2534 2157 2597 nobis
2167 2535 2212 2597 in-

483 2631 532 2692 ubi
547 2630 638 2694 ctiam
651 2629 784 2692 invenies
794 2635 878 2690 certa
892 2628 992 2701 verba,
1008 2646 1076 2709 quae
1089 2633 1210 2690 veteres
1222 2647 1323 2708 gram
1379 2628 1502 2707 cognito
1516 2628 1630 2710 optimo
1644 2629 1863 2710 intelligebant.

480 2727 581 2792 matici
596 2736 753 2808 usurpant,
771 2726 871 2808 qualia
887 2733 978 2788 sunt:
992 2733 1103 2788 constet
1118 2734 1239 2803 notura,
1253 2745 1320 2788 eon·
1420 2724 1510 2787 l'roio
1531 2726 1561 2787 in
1586 2727 1676 2790 tertio
1698 2745 1787 2790 versu
1813 2745 1925 2790 nomen
1948 2733 1995 2790 est
2019 2727 2208 2808 adjectivum,

478 2834 538 2888 stat
567 2825 759 2907 depbtleonpo,
783 2832 845 2887 etc.
872 2823 1026 2886 Positione
1052 2842 1123 2887 vcro
1149 2823 1184 2884 tit
1207 2823 1320 2887 vocalis
1380 2823 1495 2901 Troius,
1510 2843 1540 2900 o,
1555 2844 1615 2898 nnn,
1628 2824 1718 2886 trium
1728 2825 1920 2906 syllabarum,
1937 2843 2039 2906 neque
2048 2826 2160 2888 adrem
2169 2826 2210 2888 ta·

479 2924 582 3005 longa,
601 2932 635 2986 ut
647 2923 759 2999 Pr0ho,
772 2921 795 2984 l.
808 2921 834 2998 l,
855 2940 885 3002 p.
902 2926 992 2995 libo,
1007 2922 1117 3002 placet,
1129 2921 1237 2984 decem
1252 2939 1321 2985 mo-
1376 2921 1672 3004 cit;inquintovero,
1683 2923 1899 2985 substantivum
1907 2922 2203 3005 astaldissyllabum,

479 3021 543 3099 dis3
558 3026 593 3083 ut
614 3020 765 3096 Diomedi,
788 3037 857 3097 sex3
872 3020 954 3083 idem
975 3020 1040 3082 lere
1062 3018 1199 3082 Donatus
1212 3019 1317 3096 sentit,
1376 3022 1465 3100 cujus
1475 3021 1570 3100 prior,
1585 3021 1756 3084 benebeioi
1764 3021 1970 3098 consonantis,
1987 3021 2066 3083 inter
2079 3021 2207 3084 duasve

480 3118 559 3181 Edit.
576 3117 602 3192 l,
616 3137 647 3199 p.
662 3120 750 3181 ml.
766 3116 842 3180 Octo
855 3125 958 3180 tamen
973 3118 1080 3181 modos
1097 3117 1197 3190 Probi,
1212 3124 1244 3180 et
1265 3136 1318 3179 ser
1375 3118 1455 3178 cales
1465 3118 1654 3199 producitur.
1665 3117 1797 3180 -lticet
1806 3117 1932 3180 sortasse
1939 3119 2069 3200 aliquis:
2083 3118 2208 3181 «Nonne

480 3216 646 3294 Diomedis,
658 3217 695 3277 ad
711 3217 788 3277 duos
799 3216 1020 3294 revocavimus;
1035 3234 1133 3296 neque
1146 3215 1228 3277 enim
1241 3233 1320 3296 opus
1376 3215 1481 3296 iapud
1502 3214 1623 3278 oraeoos
1636 3233 1755 3297 semper
1774 3224 1821 3279 est
1834 3217 1962 3280 vocalis?
1975 3217 2028 3298 qui
2048 3217 2138 3297 igitur
2149 3217 2207 3280 tieri

479 3319 526 3376 cst
538 3313 603 3378 baec
617 3321 680 3375 tam
695 3313 810 3375 minute
822 3313 992 3375 concidere.
1006 3312 1320 3377 Positionisvocobulo
1376 3319 1476 3392 potest
1485 3318 1519 3374 ut
1532 3312 1621 3375 Troia
1634 3315 1671 3375 sit
1681 3313 1895 3395 dissyllabumt
1905 3314 1994 3377 Hunc
2004 3315 2120 3378 nodum
2127 3315 2210 3378 solvit

479 3411 571 3474 etiam
592 3411 793 3485 Quintilianus
807 3411 900 3472 utitur
920 3410 942 3473 l.
959 3410 982 3488 l,
997 3429 1025 3473 c.
1044 3413 1074 3487 5,
1088 3415 1147 3475 28:
1168 3410 1318 3487 «Evenit,
1375 3409 1555 3486 Priscianus,
1572 3411 1593 3472 l.
1611 3410 1634 3487 l,
1649 3431 1680 3492 p.
1695 3414 1748 3474 561
1764 3430 1773 3474 :
1792 3412 2040 3494 oltiphthongus,
2055 3413 2204 3495 inquito.

478 3508 586 3588 inquit,
599 3515 633 3571 ut
646 3509 734 3570 metri
750 3526 871 3590 quoque
885 3508 1019 3573 conditio
1032 3516 1129 3572 mutet
1141 3514 1316 3583 accentum,
1374 3510 1525 3591 quandoa
1539 3510 1636 3591 poetis
1645 3529 1699 3591 per
1710 3509 1860 3573 diaeresim
1871 3509 2032 3591 pmlertur.
2046 3510 2209 3574 seeundum

480 3612 535 3669 ut:
546 3605 668 3688 pecudes
678 3608 819 3687 pictaeque
831 3608 969 3669 volueres.
984 3608 1061 3671 llam
1075 3607 1203 3669 volueres
1217 3605 1319 3670 media
1376 3607 1495 3671 crocos
1515 3626 1570 3689 per
1586 3627 1604 3668 a
1618 3615 1649 3669 et
1669 3609 1682 3668 α’
1699 3608 1851 3684 scribitur,
1872 3613 1906 3669 ut
1925 3609 2017 3683 odoi,
2036 3607 2138 3689 pictai,
2152 3626 2205 3688 pro

478 3709 567 3768 acuta
580 3704 691 3784 legam,
706 3704 788 3785 quia,
805 3704 860 3766 etsi
877 3705 975 3767 brevis
987 3713 1104 3782 natura,
1116 3713 1219 3768 tamen
1233 3705 1319 3786 posi·
1375 3705 1453 3770 anto
1466 3712 1496 3768 et
1507 3705 1605 3784 picto.
1624 3703 1656 3765 tn
1669 3705 1773 3785 graecis
1786 3725 1857 3768 vero
1869 3705 2078 3783 (nominibus),
2092 3705 2206 3786 quoties

478 3800 560 3864 tione
571 3802 661 3882 longa
674 3808 731 3876 est,
745 3819 783 3863 ne
794 3801 884 3863 saciat
898 3801 1045 3879 iambum,
1059 3821 1152 3883 quem
1165 3820 1226 3865 non
1241 3802 1318 3864 reoi-
1374 3801 1586 3882 hujuscemodi
1600 3800 1634 3862 lat
1646 3802 1728 3882 apud
1744 3819 1801 3865 nos
1820 3801 1952 3864 diaeresis
1965 3802 2137 3882 penultima
2152 3801 2212 3884 syl·

478 3899 523 3979 pit
536 3917 640 3962 versus
651 3899 801 3963 heroicus.
816 3921 831 3958 o
849 3899 921 3963 llaec
934 3900 995 3964 ille.
1010 3900 1041 3963 Si
1055 3899 1094 3962 ad
1115 3918 1255 3963 normam
1268 3917 1318 3961 ve·
1373 3898 1461 3975 laha,
1477 3899 1488 3959 i
1501 3915 1558 3978 pro
1570 3898 1684 3980 duplici
1705 3906 1891 3961 consonante
1904 3899 2063 3979 accipitur,
2083 3909 2116 3960 ut
2127 3899 2206 3961 Μαῖα

477 3995 613 4060 rihhaet
633 4003 767 4058 veterum
786 3998 1053 4076 eravmmaticorum
1071 3998 1199 4060 velimus
1219 3998 1318 4080 loqui,
1373 4014 1428 4078 pro
1451 3999 1539 4074 Μαῖα,
1565 3997 1648 4077 Ajne
1661 4014 1718 4078 pro
1739 3994 1851 4069 hiae.»
1874 3996 1945 4060 lleo
1962 3997 2026 4059 ille.
2042 3995 2109 4076 Ego
2131 3997 2213 4059 idem

477 4094 536 4157 hoc
549 4104 734 4176 praeceptum
750 4094 793 4156 sic
805 4095 983 4157 tradendum
1002 4103 1066 4157 est:
1081 4095 1201 4158 Vocalis
1218 4095 1317 4159 brevis
1372 4100 1448 4175 puto
1472 4093 1635 4156 dicendum
1655 4094 1846 4171 licitatorem,
1869 4094 2045 4177 Cotteopeio,
2066 4095 2205 4172 Δειθαεια,

477 4197 549 4256 ante
561 4192 638 4255 duas
649 4202 862 4269 consonantes,
885 4201 945 4255 ete.
961 4191 1037 4254 Nam
1050 4193 1172 4272 syllaba
1187 4192 1212 4255 si
1229 4199 1317 4256 natu·
1371 4191 1522 4271 Deiopeio.
1538 4190 1643 4272 ltaque
1655 4191 1667 4252 i
1678 4191 1710 4253 in
1727 4192 1827 4269 Moto,
1839 4193 1934 4274 Ajoe,
1952 4191 2045 4272 Troia
2063 4200 2094 4254 ct
2105 4190 2207 4254 simili-

478 4287 592 4365 raliter,
606 4298 642 4351 ut
654 4289 783 4365 Probus,
795 4291 815 4351 l.
829 4289 853 4364 l,
868 4308 899 4370 p.
915 4292 1004 4360 ital,
1021 4289 1132 4371 inquit,
1145 4289 1317 4371 producan-
1371 4287 1429 4350 bus
1440 4307 1509 4369 pars
1523 4295 1569 4351 est
1583 4288 1763 4371 diphthongi
1776 4309 1882 4371 grecas
1895 4289 2057 4367 dieolntae,
2079 4307 2141 4352 non
2157 4305 2210 4352 vo·

477 4392 539 4462 tur,
553 4387 734 4468 positionem
749 4387 931 4468 superfluam
952 4386 1118 4449 habebunt.
1135 4386 1198 4448 ltlie
1219 4386 1315 4464 euim,
1371 4385 1444 4448 ealia
1455 4404 1512 4468 per
1523 4405 1567 4450 se.

477 4490 511 4546 ut
522 4483 605 4547 idem
617 4483 671 4562 ait,
691 4485 856 4566 quaerenda
874 4492 921 4547 est
941 4485 1062 4566 positio,
1077 4483 1129 4546 ubi
1154 4484 1314 4570 longitudo

1174 4738 1432 4814 APPENDlll
1462 4739 1509 4811 ll.

528 4916 618 4996 443.
650 4917 690 4998 Si
713 4926 876 5023 utraque
898 4944 1113 5001 consonans
1134 4930 1201 5002 aut
1222 4922 1367 5027 duplex
1391 4920 1503 5001 luerit
1525 4920 1564 4999 in
1588 4915 1778 5024 principio
1798 4913 1992 5019 sequentis
2012 4910 2203 5011 dictionis,

477 5042 553 5120 lere
568 5039 666 5120 nihil
679 5045 957 5146 procedentem
971 5045 1141 5127 vocalem
1155 5047 1308 5126 brevem
1320 5043 1488 5152 juvabit.
1506 5043 1675 5142 Ovidius,
1691 5042 1845 5121 Metam.
1863 5041 1910 5139 ll,
1923 5065 1960 5118 v.
1978 5037 2056 5118 tt:

868 5227 1619 5408 n...110onoesaemvueieinliiiiibi
