4662 6156
458 466 534 546 384
1051 492 1096 544 uu
1115 491 1290 545 annonara
1309 493 1608 546 consanucrronu.

452 679 454 682 -
513 625 857 724 Transmatatzone,
874 625 1146 730 companium
1162 623 1345 704 orationis
1359 626 1449 705 ordo
1463 627 1654 725 turbatur,
1670 634 1713 706 ut
1732 659 1741 707 :
1757 653 1903 734 qaoque
1917 655 2003 733 eqo,-
2021 635 2125 710 enim
2137 635 2206 714 doc

456 749 595 852 voluit,
617 761 743 830 antem
760 775 836 828 non
855 748 1006 829 habuit.

507 877 797 967 Immntatzone,
817 901 908 955 eum
929 900 1017 980 pars
1039 899 1119 954 una
1139 874 1320 954 orationis
1341 900 1409 978 pro
1432 874 1509 953 alia
1531 875 1699 981 ponitur,
1717 885 1761 956 ut
1778 907 1787 956 :
1806 878 1921 958 Stulti
1938 905 2059 983 prave
2082 879 2203 961 serunt

454 1027 513 1081 res
525 1001 717 1081 adversas.
737 999 857 1079 Grave
872 1025 942 1105 pro
955 1002 1137 1104 praviter,
1156 1021 1299 1078 nomen
1315 1023 1383 1103 pro
1399 998 1593 1078 adverbio.

507 1125 623 1206 Fiunt
646 1124 850 1206 soloecismi
872 1124 988 1205 etiam
1014 1150 1082 1230 per
1105 1131 1262 1204 eaeteras
1284 1122 1468 1203 orationis
1489 1132 1633 1230 partes.
1661 1127 1758 1206 ltem
1783 1151 1851 1232 per
1870 1151 1918 1208 ea
1940 1153 2026 1232 quae
2045 1140 2204 1236 cognato

452 1258 557 1348 sunt,
582 1249 618 1328 id
641 1258 712 1346 est,
736 1249 911 1356 ejusdem
933 1248 1087 1356 generis
1110 1274 1154 1328 ac
1175 1248 1308 1353 partis,
1331 1257 1373 1327 ut
1399 1280 1407 1327 :
1431 1248 1488 1328 Eo
1510 1254 1633 1350 anton
1651 1277 1737 1330 sam
1759 1254 1876 1331 zirtro.
1899 1251 1997 1348 Quid
2013 1254 2204 1359 ducaris?

452 1374 612 1470 Quando
630 1376 690 1452 ln'e
707 1372 874 1454 venisti?
887 1372 1098 1476 Scripsitne
1112 1372 1244 1453 Cicero
1261 1372 1363 1452 hane
1375 1370 1605 1473 orationem,
1622 1387 1692 1453 ant
1703 1373 1957 1455 Hortensius?
1969 1379 2046 1455 Aut
2059 1403 2127 1482 pro
2138 1407 2199 1460 an.

452 1500 541 1579 Non
554 1498 690 1580 leceris
704 1498 885 1603 cuiqnam
901 1497 1104 1604 injuriam;
1122 1523 1191 1603 pro
1209 1524 1271 1576 ne.
1289 1497 1345 1575 Eo
1359 1498 1466 1601 apnd
1476 1497 1620 1577 lorum.

504 1622 679 1729 Denique
691 1623 791 1702 [iunt
802 1630 839 1703 et
850 1647 919 1728 per
930 1647 976 1702 ea
990 1647 1075 1726 qum
1090 1620 1260 1726 partibus
1273 1620 1458 1700 orationis
1468 1622 1669 1702 accidunt:
1684 1648 1921 1728 perpenera,
1932 1631 1994 1704 ul:
2007 1625 2200 1731 Sapientes

451 1751 539 1828 loeto
551 1754 682 1850 fronte
696 1773 757 1826 res
771 1747 945 1826 adversas
959 1746 1108 1847 lerunt3
1124 1791 1178 1806 ·-
1192 1770 1261 1850 per
1275 1773 1397 1844 casata,
1413 1753 1455 1826 ut
1474 1777 1483 1825 :
1501 1748 1583 1842 Quo
1601 1746 1659 1826 is?
1674 1748 1821 1827 nomn.
1837 1748 1962 1829 Venio
1976 1749 2199 1850 amnena,-

450 1911 505 1932 -
517 1896 586 1976 per
598 1896 802 1950 numeros:
824 1870 854 1949 si
874 1896 995 1949 unum
1019 1869 1066 1948 ad
1092 1877 1128 1950 te
1148 1895 1304 1969 vocans,
1327 1870 1457 1950 dieas:
1485 1871 1700 1970 Venz‘te3—
1712 1899 1782 1976 per
1795 1899 1998 1977 personas,
2018 1873 2050 1953 si
2066 1901 2200 1980 quem-

449 1997 553 2100 piam
568 1994 725 2075 honoris
737 2021 853 2080 eausa
867 1995 921 2074 ita
935 1994 1142 2098 alloquaris
1158 2026 1168 2074 :
1185 1996 1335 2095 Sedent,
1349 1996 1505 2075 accedat
1511 2028 1523 2094 ,·
1539 2021 1608 2102 pro
1621 1999 1721 2096 sede,
1739 1998 1896 2097 aceede,
1910 2043 1966 2058 -
1978 2024 2049 2104 per
2061 2001 2196 2098 modos,

450 2128 493 2199 ut
514 2152 522 2199 :
545 2122 636 2199 Peto
656 2145 679 2199 a
698 2127 734 2199 te
753 2128 796 2198 ut
816 2119 908 2199 mihi
927 2145 1042 2224 opem
1061 2125 1161 2222 ferm
1174 2167 1228 2179 -
1241 2145 1309 2226 per
1330 2146 1473 2224 ponera
1490 2122 1706 2220 verborum,
1726 2128 1768 2200 ut
1787 2152 1796 2199 ι
1815 2123 1906 2201 Mox
1928 2124 2114 2223 reddm,
2135 2151 2196 2230 pro

450 2244 1323 2352 rodida·poniturenimactivumproneutro.
1761 2299 1772 2336 ,

489 2491 534 2554 lle
546 2490 718 2554 soloecismo
738 2491 804 2571 agit
819 2490 1022 2563 Quintilianus
1038 2490 1162 2570 copiose
1176 2490 1254 2553 libro
1268 2489 1293 2567 l,
1352 2489 1552 2569 Herennium,
1571 2491 1591 2554 l.
1611 2490 1661 2569 lll,
1687 2512 1718 2554 e.
1746 2495 1798 2572 ta,
1821 2495 1872 2572 ll,
1892 2493 2111 2570 Quintilianus,
2129 2493 2197 2556 llar-

449 2608 517 2671 eap.
529 2593 558 2658 5,
572 2589 624 2652 ubi
643 2590 720 2651 inter
734 2589 829 2651 multa
844 2587 904 2651 alia
921 2590 1013 2651 docet
1023 2587 1091 2650 Non
1105 2587 1223 2669 fenon,
1239 2607 1295 2669 pro
1352 2589 1444 2665 tinlis,
1459 2590 1480 2650 l.
1494 2588 1531 2664 ll,
1548 2588 1644 2670 epigr.
1661 2591 1714 2662 38,
1729 2608 1759 2651 r.
1775 2594 1809 2666 8,
1824 2596 1917 2671 atque
1930 2590 1981 2652 alii
1993 2597 2129 2667 utantur,
2141 2609 2196 2653 non

448 2685 618 2768 Nessana,
630 2687 837 2750 soloeeismum
847 2704 927 2764 esse,
942 2686 1151 2747 aumalterum
1163 2685 1294 2766 negandi
1354 2693 1399 2748 est
1411 2705 1467 2748 eur
1478 2704 1587 2750 rocem
1601 2688 1698 2768 ipsam
1712 2685 1962 2751 reformidemus.
1984 2687 2043 2760 Qui
2061 2688 2118 2750 hoo
2132 2688 2196 2752 vitio

449 2785 487 2846 sit
498 2785 689 2862 adverbium,
699 2786 827 2847 alterum
842 2783 975 2846 vetandi.
987 2783 1082 2846 ltem:
1099 2783 1171 2845 Veni
1185 2783 1222 2843 de
1233 2783 1296 2845 Su·
1354 2784 1484 2861 laborat,
1504 2787 1669 2862 σολοικιςής
1684 2789 1742 2865 (l),
1756 2787 1911 2849 soluentes
1928 2786 1993 2849 sive
2013 2786 2161 2855 minente,
2180 2805 2195 2848 s

450 2881 491 2943 sis
504 2881 534 2942 in
549 2881 775 2956 Alexandriam,
787 2881 992 2945 soloeeismum
1003 2899 1069 2943 esse
1083 2899 1137 2962 per
1150 2880 1297 2961 adjectio-
1355 2881 1490 2947 Lucieno
1504 2881 1626 2946 dieitur.

451 2994 540 3056 nem;
563 2995 624 3059 qua
636 2978 675 3040 de
692 2998 726 3040 re
744 2979 816 3041 satis
840 2978 970 3041 diximus
986 2996 1042 3042 suo
1061 2978 1143 3040 loeo.

493 3073 621 3148 Gellius,
644 3074 666 3137 l.
681 3075 717 3153 ll,
737 3095 765 3138 o.
780 3079 832 3146 20.
847 3077 889 3138 ait
902 3076 1110 3140 soloeeismum
1123 3093 1141 3137 a
1154 3074 1301 3136 vetustio-

451 3171 534 3234 ribus
548 3171 660 3234 Lotinis
680 3173 901 3254 imparilitatem
925 3180 956 3236 et
975 3173 1187 3254 strobilipinem
1207 3171 1301 3234 luisse
1390 3205 1423 3272 (ς)
1440 3205 1488 3255 fl„
1498 3209 1539 3256 ,ῃ
1550 3211 1621 3256 ωηο
1632 3204 1810 3256 mmmm„
1821 3217 1837 3256 ,
1848 3202 2097 3268 Lucifflwwp,
2108 3216 2117 3253 :
2128 3205 2197 3254 qam.

452 3269 650 3352 appellatum.
663 3271 724 3335 Sed
735 3291 807 3335 eum
816 3271 977 3337 soloecismi
987 3271 1136 3336 verabido
1145 3278 1253 3334 auctor
1263 3270 1302 3332 ad
1359 3287 1522 3351 maenaa
1537 3287 1698 3345 Σολοιιιςτής.

1204 3554 1447 3628 APPENDlX.

506 3740 694 3834 Fuerunt,
711 3747 753 3817 ut
767 3739 821 3816 ait
836 3734 1111 3832 Quintilianus,
1136 3734 1164 3811 l.
1186 3733 1217 3832 l,
1242 3757 1279 3811 e.
1305 3731 1345 3829 5,
1370 3728 1436 3830 40,
1460 3729 1527 3834 qui
1549 3727 1778 3834 adjectionis
1791 3725 1929 3805 vitium
1942 3726 2197 3829 pleonasmom

452 3861 712 3961 detractionis
730 3861 902 3966 eclzpnin
919 3855 1260 3956 transmutationis,
1278 3856 1532 3959 anastrophen
1545 3850 1797 3958 appellarint,
1815 3863 2001 3956 negantes
2014 3850 2097 3930 haee
2112 3847 2197 3927 vilio

453 3987 600 4093 speeies
610 4013 692 4068 esse
707 3984 926 4068 soloecismi.

850 4403 976 4501 QUlD
1003 4403 1084 4482 SlT
1111 4399 1392 4481 FIGURATA
1422 4392 1803 4478 CONSTRUCTIQ

506 4684 598 4763 418.
631 4687 727 4766 Cum
742 4683 842 4788 apud
856 4681 957 4762 viros
969 4682 1099 4762 doctos
1113 4687 1151 4760 et
1165 4677 1230 4782 qui
1245 4699 1340 4781 pure
1353 4670 1536 4776 loquendi
1551 4670 1664 4750 laude
1683 4671 1911 4766 floruerunt,
1928 4668 2074 4774 aliquid
2089 4669 2195 4776 lege-

454 4808 570 4888 rimus
583 4810 683 4913 quod
699 4806 1040 4916 grammaticorum
1057 4803 1209 4912 legibus
1222 4822 1438 4905 repugnare
1453 4795 1643 4894 rideatur,
1662 4821 1742 4875 non
1757 4794 1943 4877 continuo
1958 4792 2195 4874 existimabi-

454 4959 539 5013 mus
552 4958 618 5014 eos
629 4934 884 5015 soloecismum
898 4931 1044 5026 iecisse,
1061 4954 1150 5009 eum
1164 4927 1335 5032 ipsorum
1351 4921 1573 5003 auctoritate
1587 4919 1894 5024 testimoniisque
1907 4917 2056 4997 soleant
2064 4943 2195 5024 gram·-

455 5039 2194 5164 mariciipsisuapreceplaeonurmare.Namsuntquoedamquaefaciemquidemsoloeeismi

455 5181 615 5282 habent,
631 5181 764 5263 vitiosa
782 5191 910 5262 tamen
926 5205 1005 5259 non
1021 5187 1126 5258 sunt.
1144 5177 1225 5256 Hoc
1241 5199 1383 5253 norum
1401 5169 1585 5277 loquendi
1607 5195 1729 5276 genus
1749 5171 1883 5273 florere
1901 5166 2118 5261 verborum,
2135 5169 2194 5242 aut

452 5311 650 5408 ammonii,
664 5316 732 5388 aut
745 5309 937 5407 orationes,
950 5304 1040 5404 sive,
1056 5311 1096 5383 ut
1109 5300 1230 5384 Graeci
1240 5300 1464 5404 loquuntur,
1486 5319 1592 5401 σχῆμα
1609 5301 1733 5391 λέξεως,
1753 5292 2054 5389 salemonem,
2070 5286 2194 5395 appel·
