4646 6164
452 462 531 537 454

1124 503 1167 552 DE
1188 503 1329 556 naritus
1349 503 1527 559 siccatus.

491 619 708 703 Proposuimus
722 625 823 706 pueris
838 626 1000 693 ediscenda
1016 651 1085 713 quae
1099 641 1182 698 certa
1202 641 1254 718 atq
1261 656 1300 700 ue
1358 639 1455 717 Idem,
1471 640 1492 702 l.
1508 639 1562 714 ΙΙΙ,
1579 639 1674 721 epigr.
1688 642 1740 716 tl,
1756 659 1784 702 v.
1799 643 1848 717 t3,
1862 641 1901 703 ad
1915 642 2098 705 Fabullum:

451 717 559 780 usitata
568 723 649 781 sunt.

492 815 604 879 Contra
618 835 838 903 nonnunquam
852 824 1022 906 corripitur.
1035 828 1183 911 Manilius,
1195 831 1301 898 Astro-

450 913 608 992 nomicon,
624 916 698 987 1.11,
714 938 744 980 v.
759 922 818 981 353
835 939 843 981 ;

511 1093 687 1157 Gontrdjaoet
698 1095 796 1148 Cancer
810 1100 923 1161 patulam
936 1099 1064 1152 distentus
1078 1103 1104 1152 in
1117 1102 1203 1154 alvum
1218 1103 1266 1170 (l).

448 1247 586 1314 Valerius
597 1253 735 1331 Flaccus,
749 1256 865 1336 Argon.
880 1258 955 1334 Vlll,
971 1279 1002 1322 v.
1017 1264 1057 1324 33
1077 1281 1085 1323 :

509 1431 606 1482 contro
618 1433 748 1484 Tartareis
760 1435 863 1486 Colcbis
874 1451 994 1502 spumare
1008 1443 1124 1503 venenis,

511 1510 662 1575 Contrdquc
675 1513 770 1564 Letbaei
785 1527 908 1578 quassare
922 1518 1026 1570 silentia
1046 1521 1110 1570 rami

510 1590 666 1656 Perstatffi).

488 1751 589 1830 Ultro,
603 1755 722 1835 frustra
735 1755 817 1838 apud
832 1764 949 1821 veteres
966 1761 1168 1843 classicosque
1186 1767 1298 1843 poetas

444 1849 666 1930 producuntur.
676 1851 842 1933 luvenalis,
855 1855 918 1918 Sat.
934 1856 971 1934 ΙΙ,
987 1876 1016 1920 v.
1034 1861 1047 1918 t
1063 1875 1071 1919 ε

507 2027 585 2162 Qu
593 2029 921 2100 Sauromatastngerebinc
929 2036 1003 2098 libet,
1012 2044 1039 2087 et
1047 2037 1181 2102 glacialem

575 2123 646 2161 num.

444 2266 595 2350 Virgilius,
610 2271 681 2335 AEn.
693 2273 744 2350 lV,
756 2294 786 2337 v.
802 2279 882 2339 tte:

507 2460 605 2524 itaquid
617 2461 780 2526 inexpertum
792 2464 897 2528 {notro
909 2467 1033 2519 moritura
1045 2469 1184 2536 relinquat.

481 2629 560 2694 Sunt
577 2632 631 2712 qui
650 2632 775 2696 credant
792 2636 931 2716 triptota,
945 2639 1114 2718 aeaapntc,
1134 2644 1166 2703 et
1182 2649 1296 2704 cetera

442 2730 534 2810 bujm
544 2730 852 2813 positionisambigua
866 2752 932 2797 esse
939 2752 950 2812 ;
965 2737 1047 2817 quod
1057 2737 1196 2802 llartialis
1205 2759 1243 2822 pr
1257 2757 1297 2802 ae-

445 2829 534 2910 cipue
546 2828 682 2892 versibus
694 2829 818 2906 docent,
833 2833 854 2893 l.
869 2831 923 2909 ΙΙΙ,
934 2835 1030 2915 epigr.
1044 2837 1096 2916 Ιθ,
1110 2855 1140 2898 v.
1158 2841 1172 2898 l
1188 2861 1194 2900 :

507 3019 594 3069 llutua
604 3019 675 3084 quod
686 3019 762 3071 nobis
772 3026 812 3070 ter
819 3021 1016 3090 quinquaqintll
1025 3025 1134 3078 dedisti.

448 3185 543 3264 ldem,
554 3186 577 3249 l.
592 3187 656 3267 ΙΙΙΙ,
673 3189 771 3270 epigr.
788 3193 840 3270 26,
857 3212 887 3253 v.
905 3196 943 3254 l:

506 3373 653 3440 Sacoqintll
663 3381 732 3426 teras
741 3390 799 3428 cum
810 3377 897 3430 iimina
906 3393 982 3432 mane
993 3381 1118 3436 Senator.

445 3541 504 3604 Sed
521 3543 575 3625 qui
592 3543 717 3624 longam
736 3564 802 3610 esse
819 3547 985 3628 affirmant,
1000 3551 1100 3634 priore
1114 3553 1184 3618 loco
1203 3557 1298 3638 quin·

445 3660 588 3722 qucqeno,
601 3643 766 3722 posteriore
777 3664 924 3727 aeaoqena
937 3648 1053 3730 legunt.
1067 3650 1208 3715 Martialis
1222 3653 1253 3735 ip
1264 3673 1297 3717 se

446 3738 517 3801 alibi
545 3739 681 3802 ultimam
701 3741 779 3804 solet
796 3744 966 3825 producere
983 3766 992 3809 τ
1007 3747 1028 3811 Ι.
1048 3748 1098 3825 ΙΙΙ,
1122 3750 1218 3832 epigr.
1238 3754 1295 3830 36,

447 3856 477 3898 v.
493 3839 523 3912 “Ι,
539 3836 570 3898 in
582 3835 751 3902 Fabianum
763 3859 772 3903 t

511 4025 564 4077 lioc
571 4039 618 4092 per
626 4029 738 4095 triqiatd
746 4033 839 4094 merui,
848 4032 971 4094 Fabiano,
980 4034 1139 4087 decembres.

449 4192 542 4270 ldem,
556 4197 577 4258 Ι.
594 4197 656 4274 Vll,
673 4199 774 4278 epigr.
790 4203 832 4262 a:

511 4384 576 4435 cunr
583 4386 727 4452 amuqinto
734 4396 852 4441 numeret
860 4389 990 4444 cascelius
1001 4405 1091 4444 annos.

450 4553 544 4631 ldem,
561 4555 583 4618 Ι.
597 4555 638 4636 ΙΙ,
653 4558 749 4642 epigr.
765 4561 835 4638 ΙΟΙ,
851 4578 879 4622 v.
896 4564 935 4623 10
952 4581 960 4623 :

514 4741 637 4808 Tatqintc
651 4744 724 4807 mibi,
739 4752 902 4811 quatuorque
917 4749 997 4800 risos.

481 5025 516 5090 (i)
534 5025 671 5079 Lemaire:
689 5027 920 5093 «Stratoniceam,
944 5029 1093 5084 Cancer...
1114 5031 1242 5098 Scorpios
1247 5067 1298 5086 .....

450 5103 606 5170 Piscesque3
621 5123 635 5156 a
649 5108 815 5173 intelligenda
831 5111 923 5177 aiqnc;
943 5113 1031 5177 idque,
1049 5114 1194 5177 corrigente
1208 5113 1300 5164 Bent-

450 5183 511 5246 leio‚
522 5199 602 5250 quum
614 5200 704 5239 omnes
718 5188 771 5240 lere
784 5191 909 5242 baberent
923 5204 930 5242 :
945 5190 1044 5243 Contra
1052 5193 1153 5256 jacent.

483 5263 519 5328 (Ξ)
535 5267 671 5320 Lemaire:
686 5283 699 5315 a
714 5269 862 5334 cunctaque
878 5270 976 5322 Letbaei
979 5306 1029 5323 .....
1045 5287 1059 5320 a
1077 5273 1218 5324 admonens
1236 5285 1299 5323 aon-

452 5349 545 5410 truqua
555 5345 635 5401 tusae
646 5351 799 5403 uanalaturn
812 5365 845 5404 cx
857 5351 1011 5417 precedenti
1028 5365 1114 5406 versa.

1423 818 1545 883 Tatqintd
1557 831 1638 883 prope
1647 819 1700 880 jam
1712 819 1805 870 diebus
1816 833 1868 870 una
1882 827 1923 872 en

1420 897 1499 948 Nobis
1510 897 1603 962 pagina
1614 897 1655 948 vix
1668 905 1787 962 peracta;
1798 900 1835 950 sic
1845 899 1874 950 lit

1418 977 1484 1027 Cum
1495 989 1597 1027 caenare
1611 977 1681 1028 domi
1696 984 1771 1041 poeta
1785 991 1837 1029 non
1852 979 1917 1028 ruit.

1355 1137 1434 1206 lllud
1447 1137 1558 1200 llanilii
1572 1139 1748 1203 Astronom.
1766 1137 1803 1216 ΙΙ,
1819 1157 1850 1203 v.
1867 1142 1937 1216 322,
1954 1158 2026 1202 curn
2041 1141 2099 1204 illis
2111 1143 2197 1223 magis

1356 1234 1477 1298 videtur
1491 1237 1592 1300 iacere
1610 1256 1618 1298 :

1418 1413 1469 1462 Ter
1481 1411 1594 1479 triqlntlt
1604 1414 1731 1478 quadrum
1744 1420 1832 1477 partes
1846 1427 1893 1478 per
1905 1415 1989 1466 sidera
2003 1417 2122 1468 reddant.

1358 1571 1440 1634 ldem
1454 1580 1557 1634 tamen
1572 1574 1684 1636 eodem
1699 1574 1788 1644 libro,
1805 1595 1835 1635 v.
1852 1577 1923 1653 338,
1939 1576 2105 1657 produxit:

1420 1751 1543 1818 Triqintd
1555 1751 1669 1816 duplicat
1681 1759 1778 1817 partes,
1792 1766 1851 1817 pars
1862 1753 1939 1804 tertia
1953 1753 2046 1805 deerit.

1335 1889 1614 1993 'lneodemmz

1416 2093 1449 2144 Et
1460 2093 1660 2160 quinquaqinta
1670 2103 1762 2158 regum
1773 2105 1914 2157 regemque
1928 2099 2089 2158 patremque.

1353 2253 1522 2318 llbemnius
1529 2254 1672 2332 Fannius,
1682 2253 1728 2318 De
1740 2253 1925 2336 ponderibus
1938 2260 1970 2318 et
1984 2254 2131 2318 mensuris
2145 2257 2192 2334 (3),

1352 2371 1383 2416 v.
1400 2355 1451 2430 3¹1,
1466 2352 1623 2434 scnemata
1637 2351 1826 2434 apertissime
1840 2353 1987 2435 corripuit
2008 2372 2017 2415 ε

1416 2529 1569 2593 Cecropium
1580 2537 1700 2593 superest
1708 2537 1767 2593 post
1776 2530 1832 2580 hec
1840 2530 1959 2582 docuisse
1967 2531 2095 2582 talentum

1414 2607 1562 2675 Scnaqinttt
1574 2609 1670 2671 minas,
1684 2622 1730 2660 seu
1750 2609 1799 2673 ris,
1812 2623 1859 2660 sex
1873 2610 1952 2661 millia
1964 2610 2110 2661 drachmas.

1353 2767 1414 2832 Sed
1422 2768 1489 2832 baec
1499 2768 1664 2832 hactenus.

1393 2867 1456 2929 Eia
1477 2867 1614 2931 Valerius
1633 2868 1762 2931 Flaccus
1782 2867 1947 2950 corripuit,
1972 2887 2067 2950 quern
2089 2868 2196 2930 inritan-

1353 2964 1429 3028 dum
1444 2972 1531 3046 puto,
1546 2967 1568 3028 l.
1581 2965 1659 3044 ΙΙΙΙΙ,
1674 2986 1703 3028 v.
1719 2968 1778 3028 {09
1798 2989 1805 3029 :

1416 3141 1545 3202 Quaerenti
1555 3149 1618 3194 tunc
1626 3143 1720 3195 deinde
1729 3144 1796 3195 riam
1810 3157 1899 3210 quase
1909 3145 2091 3196 arduusberos

1416 3222 1506 3274 Ferret
1513 3223 1545 3274 ad
1559 3225 1684 3288 aurigare
1693 3225 1880 3288 caputarboris
1893 3238 1899 3274 :
1910 3223 1962 3276 att
1975 3225 2111 3288 peripsum

1416 3303 1516 3355 Scande
1528 3317 1585 3369 age,
1596 3311 1624 3355 et
1637 3305 1745 3356 adverso
1758 3317 1872 3368 gressus,
1886 3305 1931 3366 ait,
1942 3305 2062 3369 imprime
2076 3304 2164 3355 dorso.

1353 3461 1489 3541 Probus,
1513 3464 1587 3527 lnst.
1603 3461 1732 3542 artium,
1758 3484 1790 3546 p.
1808 3469 1908 3543 liat,
1931 3465 1984 3527 ubi
2015 3466 2055 3528 de
2087 3462 2192 3527 ultimis

1353 3559 1565 3625 adverbiorum
1592 3559 1715 3644 syllabis
1743 3562 1833 3643 agit,
1860 3562 1907 3624 eia
1936 3563 2035 3644 inquit
2063 3566 2191 3625 conane

1353 3661 1510 3742 spondeo;
1526 3662 1581 3725 sed
1599 3661 1629 3724 in
1649 3659 1784 3725 versibus
1801 3660 1915 3742 quibus
1937 3661 1970 3722 id
1989 3661 2194 3734 confirmatu

1354 3775 1409 3838 per
1420 3760 1629 3841 synalaepham
1647 3759 1825 3822 evanescit:
1847 3759 1910 3822 Eia
1928 3778 1983 3840 uqa
2003 3777 2125 3840 segnes,
2143 3762 2196 3818 etc.

1354 3853 1496 3920 Sidonius
1512 3856 1696 3939 uproduxit‚
1712 3856 1830 3936 Paneg.
1849 3874 1973 3918 carmen
1991 3859 2041 3932 il,
2056 3875 2087 3918 v.
2102 3859 2132 3932 6,
2149 3853 2197 3916 sed

1354 3971 1417 4019 non
1430 3961 1477 4018 est
1488 3955 1644 4018 classicus.

1394 4053 1501 4116 Putea
1520 4060 1551 4116 et
1565 4063 1651 4116 autea
1664 4053 1749 4117 aiunt
1767 4052 1896 4134 quidam
1912 4051 2033 4134 corripi,
2049 4069 2122 4114 cum
2134 4057 2199 4112 tan·

1353 4168 1446 4232 quam
1467 4150 1692 4232 prepositiones
1716 4169 1792 4214 suos
1819 4167 1907 4212 casus
1924 4148 2050 4226 habent,
2070 4158 2137 4230 port
2155 4165 2195 4222 ea,

1353 4257 1423 4310 ante
1433 4268 1489 4326 ea,·
1500 4248 1634 4330 alioquin
1647 4246 1791 4309 adverbia
1810 4265 1876 4308 esse
1891 4252 1923 4307 et
1936 4245 2078 4328 produci.
2094 4245 2196 4308 llirum

1355 4351 1401 4409 est
1415 4364 1540 4408 eosnon
1555 4344 1711 4408 tradidisse
1722 4345 1805 4406 idem
1827 4343 1866 4406 de
1888 4343 2045 4425 particulis
2055 4351 2197 4426 praterea

1355 4449 1387 4507 et
1405 4445 1528 4507 interea.
1550 4444 1658 4506 Postea
1677 4448 1760 4505 certe
1778 4441 1885 4504 malim
1906 4441 2071 4524 corripere,
2094 4445 2198 4504 catera

1354 4542 1540 4625 producere;
1559 4558 1661 4621 neque
1685 4538 1837 4602 veteribus
1864 4540 1895 4601 in
1917 4545 2055 4603 mentem
2076 4537 2199 4601 arbitror

1355 4641 1414 4706 boc
1428 4639 1589 4704 discrimen
1603 4638 1734 4702 venisse.
1749 4636 1887 4716 Ovidius,
1903 4636 1983 4699 Fast.
1999 4637 2023 4717 Ι,
2035 4657 2064 4700 u.
2081 4639 2152 4700 165:

1418 4825 1512 4877 Poeteli
1524 4823 1636 4876 mirabar
1649 4838 1695 4875 cur
1706 4835 1760 4875 non
1775 4825 1831 4875 sine
1841 4819 1930 4875 litibus
1940 4831 2011 4877 esset

1419 4907 1505 4958 Prima
1518 4906 1584 4966 dies.

1389 5195 1426 5261 (3)
1440 5196 1534 5247 Poema
1547 5194 1622 5257 illud,
1635 5194 1706 5260 quod
1724 5194 1767 5246 alii
1781 5194 1922 5255 idaciano,
1938 5192 1984 5244 alii
1995 5191 2094 5244 Fannio
2105 5191 2200 5243 adsui-

1357 5275 1431 5338 bunt,
1450 5275 1529 5326 habet
1545 5274 1663 5325 Lemaire
1679 5275 1747 5325 inter
1762 5275 1834 5326 Poet.
1849 5273 1933 5325 Latin
1949 5272 2074 5336 minores,
2090 5271 2139 5323 rol.
2154 5271 2197 5330 lV;

1355 5355 1385 5406 P.
1401 5355 1540 5417 Burmann,
1553 5354 1604 5406 rol.
1620 5354 1652 5404 ii.
