4708 6166
459 477 510 557 54
1056 511 1100 563 ne
1120 510 1309 564 vannorum
1329 506 1605 562 convocarroue.

459 650 522 707 tam
536 642 651 722 bonos,
674 651 737 706 tam
753 645 831 707 inter
850 661 884 705 se
899 647 1036 707 amantes
1049 644 1128 708 viros
1148 668 1156 708 :
1176 644 1308 708 Diodoto
1363 642 1491 705 modum
1511 639 1759 721 subjunctivum3
1786 644 1820 702 ut
1841 657 1933 721 supra
1965 657 2003 702 ex
2026 637 2209 712 Quintiliano

460 741 535 825 quid
547 742 659 805 faciam
672 742 794 820 Stoico,
815 760 941 824 quema
959 761 1057 824 puero
1075 743 1221 806 audivit»
1238 743 1308 806 nio·
1363 742 1514 818 diximus,
1539 739 1663 822 quidam
1683 739 1792 803 modos
1818 739 1974 821 quantitates
2001 737 2207 801 nominarunt.

463 841 591 920 medes,
616 842 638 903 l.
654 842 678 917 l,
693 862 725 924 p.
749 844 819 919 390,
843 841 926 903 hunc
948 840 1075 903 modum
1102 842 1310 923 affirmativam
1364 841 1413 904 Ad
1447 840 1527 902 hanc
1562 839 1694 920 speeiem
1732 837 1938 900 concessivam
1978 841 2096 919 spectat
2132 836 2208 898 illud

461 941 580 1023 speeiem
590 942 745 1024 appellat:
764 940 988 1017 «affirmativa,
1003 941 1112 1022 inquit,
1128 942 1244 1022 speeies
1266 949 1309 1002 est
1364 939 1495 1003 Sallustii
1516 939 1547 1001 in
1561 939 1750 1016 Ciceronem,
1764 957 1793 1000 c.
1806 941 1836 1015 3,
1852 940 1890 999 6:
1908 937 2060 1018 rquris,
2080 954 2135 998 oro
2160 942 2189 998 te
2197 983 2207 1014 ,

461 1039 654 1119 hujusmodi,
675 1057 747 1102 cum
761 1039 792 1102 in
806 1058 839 1102 re
852 1038 959 1114 dubia,
974 1039 1005 1100 in
1020 1059 1081 1121 qua
1095 1058 1202 1121 parum
1220 1038 1309 1101 alter·
1365 1037 1482 1114 Cicero,
1503 1038 1662 1119 perfeceris
1680 1037 1765 1120 quod
1786 1037 1859 1099 libet
1867 1053 1878 1116 ;
1894 1035 1964 1099 satis
1980 1041 2027 1099 est
2051 1052 2210 1118 perpessos

460 1139 598 1203 rantibus
619 1139 819 1216 assentimur,
833 1138 934 1220 speeie
950 1139 1161 1222 subiunctiva,
1184 1139 1269 1221 quasi
1285 1139 1308 1201 si
1365 1156 1431 1200 esse
1438 1155 1449 1216 3
1475 1137 1607 1200 etiamne
1629 1155 1717 1200 aures
1739 1141 1857 1199 nostras
1876 1135 1948 1199 odio
1975 1141 2030 1197 tuo
2053 1134 2208 1196 onerabis?

460 1237 574 1301 lactum
588 1237 783 1306 affirmamus,
799 1238 893 1300 veluti
907 1255 979 1300 eum
1000 1237 1130 1301 dicimus
1153 1261 1161 1301 ι
1182 1237 1307 1314 dicerit,
1365 1236 1499 1299 etiamne
1513 1234 1733 1300 molestissimis
1743 1233 1844 1297 verbis
1860 1233 2089 1297 insectaberela
2103 1231 2209 1314 Neque

459 1338 574 1419 feeerit,
587 1337 619 1400 id
632 1342 690 1414 est,
703 1336 789 1401 erede
802 1357 866 1400 eum
879 1336 1000 1414 dimisse,
1024 1343 1077 1399 aut
1098 1339 1208 1420 secisse,
1232 1337 1308 1420 quod
1364 1336 1446 1398 enim
1468 1335 1652 1418 praeteritum
1668 1340 1730 1414 est;
1751 1351 1813 1397 non
1835 1334 1917 1397 enim
1937 1333 2144 1413 adiunxisset:
2159 1352 2209 1393 oro

460 1456 550 1518 aeque
569 1437 687 1518 feeerit,
701 1456 792 1519 aeque
804 1435 930 1499 dicerit.
954 1436 1032 1499 Nam
1053 1436 1078 1499 si
1103 1435 1218 1499 iactum
1241 1455 1308 1500 esso
1365 1444 1406 1513 te,
1420 1435 1444 1498 si
1459 1434 1646 1516 praeteritum
1659 1439 1748 1496 esset.
1760 1433 1800 1495 .Ιά
1813 1452 1868 1516 qne
1879 1434 1965 1494 msim
1975 1433 2020 1508 lae,
2035 1432 2115 1514 farei
2124 1451 2210 1515 peso·

461 1553 568 1598 revera
587 1535 619 1597 in
639 1534 776 1597 animum
789 1534 976 1615 inducimus,
991 1533 1105 1598 finitive
1117 1535 1231 1597 utimur
1244 1553 1310 1598 ser·
1363 1553 1416 1597 aas
1432 1534 1528 1597 Tullio
1541 1533 1675 1609 eadere,
1695 1527 1715 1595 ¹e
1728 1533 1829 1594 medei
1842 1532 1911 1593 tado
1929 1551 2012 1614 oqee
2035 1551 2085 1594 vos
2106 1532 2170 1594 vier
2191 1532 2209 1592 d

461 1649 565 1708 mone,
580 1632 679 1711 idest,
698 1634 780 1714 sent.
795 1660 808 1688 ι
825 1633 906 1714 lege
919 1640 1039 1713 caetera,
1054 1634 1078 1696 si
1093 1640 1190 1710 vacat,
1205 1632 1244 1695 de
1259 1649 1309 1693 ca·
1364 1632 1509 1710 contacte·
1522 1633 1604 1696 basta
1620 1652 1674 1715 que
1695 1651 1744 1694 vos
1757 1641 1845 1694 tenos
1864 1629 1992 1712 sefrido.
2008 1629 2097 1694 Come
2117 1629 2208 1693 cineta

461 1732 533 1796 dem
547 1751 593 1795 re.
616 1732 664 1794 ad
675 1738 845 1796 extremum
859 1733 957 1815 inquit
972 1757 980 1797 ι
995 1733 1103 1795 «Talis
1122 1739 1168 1796 est
1181 1732 1310 1796 affirma·
1363 1751 1416 1794 aas
1429 1731 1527 1794 taven
1540 1731 1576 1794 de
1589 1740 1669 1793 ester
1682 1731 1753 1812 oqui
1767 1727 1970 1793 destinaretis?
1984 1729 2070 1791 Idem
2085 1727 2208 1792 Cicero-

461 1832 533 1906 tiva,
546 1850 615 1914 quae
635 1831 840 1894 altercationis
851 1832 995 1895 tollendae
1005 1832 1101 1912 gratia
1115 1832 1172 1894 sub
1185 1831 1309 1894 simula·
1363 1830 1410 1893 nis
1437 1831 1467 1892 in
1493 1829 1693 1907 Sallustium,
1707 1848 1735 1893 c.
1761 1831 1792 1906 6,
1813 1831 1876 1890 15:
1896 1851 1911 1888 a
1928 1827 2045 1889 Vieeris
2066 1826 2207 1900 utilibet,

461 1930 544 1992 tione
558 1927 757 1993 consessionis
766 1929 956 1992 inducitur.»
971 1930 1102 2012 Speciem
1111 1936 1212 2008 vocat,
1221 1947 1306 1993 more
1366 1928 1501 2009 Sallusti3
1528 1929 1619 2010 eqera's
1645 1947 1713 2010 quae
1734 1927 1879 2008 volueris3
1910 1927 1981 1990 satis
1996 1926 2036 1988 sit
2057 1944 2154 1989 unum
2180 1933 2209 1988 te

461 2028 624 2108 Varronis,
652 2046 745 2110 quem
770 2027 887 2090 modum
916 2027 1125 2110 appellamus;
1158 2028 1305 2093 finitivum
1363 2035 1488 2094 tuorum
1497 2029 1648 2091 scelerum
1662 2025 1819 2091 conscium
1833 2025 2054 2108 essetrquee
2067 2025 2208 2101 ammte,

462 2146 647 2208 sennonem,
661 2127 789 2192 modum
804 2126 1012 2191 indicativum.
1365 2125 1531 2196 Salnatio,·
1551 2126 1628 2188 or'oei
1647 2126 1765 2188 deesse
1782 2123 1919 2200 scatade,
1943 2125 2023 2206 fazet
2043 2123 2114 2186 tado
2128 2145 2144 2186 o
2157 2143 2210 2205 que

1363 2224 1531 2309 quiterdes,
1555 2244 1611 2287 neo
1631 2225 1666 2287 lae
1694 2225 1854 2287 necessario
1872 2223 2009 2306 publeci·
2028 2225 2098 2306 aqui
2116 2242 2210 2285 cossas

682 2338 741 2408 61,
785 2367 932 2412 mmmm
953 2367 1071 2412 ,Lm-ER·
1362 2325 1524 2404 melciades,
1538 2335 1670 2388 contento
1683 2345 1729 2388 nae
1741 2345 1803 2388 eom
1823 2345 1855 2387 os
1868 2323 2002 2388 saterdes
2015 2343 2066 2387 eos
2082 2329 2126 2389 sd.
2142 2323 2210 2386 Huc

793 2497 800 2513 ,
1055 2435 1059 2442 “
1364 2427 1455 2489 etiam
1482 2425 1602 2489 videtur
1626 2424 1822 2488 referendum
1847 2423 1925 2488 illud
1957 2423 2079 2488 Terent.
2113 2423 2207 2488 Andr.

622 2503 836 2580 AmnvevtS.
1363 2531 1421 2588 act.
1437 2524 1476 2603 V,
1491 2543 1534 2588 se.
1550 2527 1581 2604 3,
1595 2543 1624 2588 v.
1639 2525 1697 2588 88¹1
1713 2529 1862 2608 etseqq.:

502 2699 558 2764 llio
579 2697 677 2782 prima
697 2715 827 2779 pet'sona
839 2697 999 2779 singularis
1017 2698 1205 2763 desideratur
1210 2717 1221 2781 3
1235 2717 1306 2766 con·
1424 2716 1462 2768 St.
1474 2715 1525 2769 sed
1538 2715 1601 2782 quid
1614 2717 1682 2782 agot
1694 2728 1740 2767 car
1755 2727 1797 2768 me
1817 2715 1956 2768 excruciet
1973 2727 2020 2767 eur
2037 2727 2079 2766 me
2092 2717 2211 2783 maceret

461 2797 606 2861 venithia
619 2815 721 2861 sermo
734 2797 926 2879 potissimam
939 2797 1042 2880 iisqui
1055 2797 1306 2881 diualiquidsua-
1473 2799 1525 2851 aar
1536 2811 1621 2851 meam
1630 2803 1790 2850 anacteam
1800 2797 1878 2861 unus
1890 2795 2002 2849 serviae
2010 2797 2138 2850 amenter
2156 2797 2211 2848 Ele·

462 2902 577 3009 ΜΨ
601 2897 654 2960 ⁵⁰⁶
674 2896 786 3008 trustra
802 2921 809 2960 ²
823 2896 924 3010 itaque
941 2895 1034 3010 taedi⁰
1055 2897 1200 2978 ⁰⁰¹¹s⁰⁰²i’
1215 2905 1306 2982 atque
1425 2959 1455 3012 ss
1475 2877 2125 3025 auraaretaealie'diriiminiiiiaiiim.

356 3087 358 3090 .
462 3014 545 3060 ⁰⁰¹¹„
559 2995 761 3078 persuademh
771 3013 836 3107 ,spe
849 2995 989 3107 ablecuf’
1004 3015 1036 3107 Ψ
1049 2996 1103 3060 ¹¹⁸⁵
1124 3015 1216 3108 Y⁰oe⁵
1238 3016 1307 3080 ΡΗ)
1457 3001 1579 3105 ¹ltomus,
1587 3053 1661 3106 uxor,
1671 3039 1747 3090 liberi
1755 3039 1852 3090 inventi
1860 3039 1941 3092 invito
1950 3045 2042 3104 patre;

461 3099 619 3178 mmpum.
639 3093 780 3177 Exempli
802 3112 891 3158 0⁸⁰⁵&
904 3117 913 3158 ²
928 3094 1044 3156 Vm
1063 3100 1099 3158 ut
1118 3094 1211 3185 libem
1237 3095 1307 3160 satis
1472 3121 1582 3174 seduco
1594 3121 1639 3188 qus
1650 3120 1723 3173 trram
1739 3121 1821 3173 evam
1833 3120 2118 3186 arremarensem.

463 3194 501 3257 sit
519 3200 551 3257 te
564 3200 688 3258 tuorum
710 3193 860 3258 scelerum
873 3193 1058 3257 conscientia
1070 3199 1218 3277 perpetuo
1241 3213 1307 3258 cru·

463 3291 548 3356 ciari.
561 3291 602 3355 Je'
614 3292 764 3376 qaeessia
776 3291 821 3368 te,
833 3290 1033 3356 momentana
1045 3311 1063 3353 a
1075 3311 1156 3354 vome
1169 3293 1305 3370 consede,
1362 3293 1489 3373 viceris,
1501 3294 1540 3377 ja
1554 3313 1608 3378 que
1628 3293 1860 3372 assimilastis
1873 3312 1968 3356 coma
1989 3301 2152 3371 tumuenee
2161 3294 2212 3376 je,

462 3390 823 3455 bastemnososeontiaaos
836 3409 979 3453 remorsas
990 3390 1133 3454 decessus
1144 3391 1305 3455 maldedes.
1334 3313 1338 3454 i
1365 3394 1466 3471 aeota,
1492 3395 1560 3476 sose
1580 3391 1785 3456 suevensela.
1811 3391 1868 3456 Ubi
1890 3393 2025 3456 Donatus
2043 3409 2052 3455 τ
2072 3415 2088 3454 a
2105 3391 2214 3456 Vicera

462 3490 627 3556 Diomedes
638 3489 698 3553 hoc
710 3508 808 3572 genus
819 3490 965 3573 loquendi
983 3491 1172 3555 amoeniam
1190 3493 1307 3574 speeiem
1335 3459 1339 3616 ἱ
1364 3495 1491 3558 verbum
1505 3499 1551 3557 est
1571 3490 1705 3574 ejusqui
1721 3490 1772 3555 vix
1785 3490 1841 3554 sibi
1854 3496 2015 3574 extorquet
2036 3497 2072 3556 ut
2092 3489 2214 3571 abjiciat

463 3596 553 3654 vocat
569 3614 577 3655 ε
597 3589 815 3668 «concessiva,
831 3589 948 3672 inquit,
962 3589 983 3652 l.
999 3588 1025 3668 1,
1042 3608 1075 3672 p.
1090 3592 1167 3671 390,
1191 3592 1309 3675 species
1364 3611 1483 3669 curam,
1499 3596 1530 3656 et
1543 3593 1700 3675 proprium
1714 3591 1870 3673 patribus,
1884 3609 1921 3654 ac
1933 3589 2082 3654 familiare
2093 3591 2209 3654 iratis.»

465 3697 522 3771 est,
537 3708 598 3775 qua
613 3695 680 3754 tum
693 3690 822 3754 demum
840 3688 974 3768 utimur,
989 3689 1212 3770 subjunctivum
1230 3691 1309 3756 inse·
1405 3689 1671 3754 Interdummitius
1682 3708 1718 3753 ae
1727 3689 1825 3753 lenius
1832 3689 1941 3753 iisdem
1951 3689 2078 3753 vocibus
2086 3689 2212 3767 utimur,

464 3793 564 3853 rentes
584 3789 780 3872 qualitatem,
801 3807 873 3854 cnm
894 3787 1052 3853 suadendo
1073 3789 1206 3871 cuipiam
1224 3789 1309 3873 quod
1365 3790 1476 3873 quibus
1489 3789 1695 3870 significamus
1707 3806 1765 3853 nos
1777 3789 1906 3869 abcujus
1919 3789 2081 3853 reicuram
2094 3788 2216 3870 penitus

464 3887 618 3970 expediat,
641 3903 704 3953 uon
719 3886 956 3969 persuademus3
970 3891 1003 3950 et
1024 3886 1218 3965 desistentes,
1235 3887 1309 3951 dum
1365 3889 1509 3968 abjicere,
1520 3905 1650 3970 eamque
1662 3887 1791 3951 aliorum
1804 3886 1925 3950 arbitrio
1937 3887 2117 3970 judicioque
2131 3905 2216 3950 com·

463 3987 671 4052 nosvolumus
682 3986 810 4051 crimine
825 3985 991 4064 absolvere,
1006 3985 1213 4066 concedimus,
1226 3986 1309 4050 arbi·
1366 3989 1497 4053 mittere.
1509 3986 1682 4064 Cic.,'l'usc.
1694 3985 1763 4065 lv,
1773 4005 1801 4050 c.
1811 3990 1862 4065 tl,
1873 3990 1926 4050 3l:
1941 3986 2069 4060 «Quam
2077 3987 2133 4050 sibi
2143 4005 2215 4050 eon·

463 4087 522 4152 tn'o
543 4086 610 4165 ejus
622 4084 831 4164 remittentes,
852 4084 936 4169 quod
956 4084 1115 4168 pertendat
1133 4083 1250 4168 facere;
1275 4091 1309 4149 ut
1366 4085 1751 4170 veniatipseeiderit;aLd
1763 4105 1781 4148 o
1795 4084 2214 4169 vejaetleldemmeamla,

465 4203 537 4250 eum
549 4184 704 4268 loquimur
716 4202 755 4246 ne
769 4183 859 4247 iaciat
875 4201 947 4246 sane
960 4183 1140 4261 suadentes,
1167 4183 1220 4248 illo
1239 4203 1309 4267 per·
1366 4189 1495 4264 c.3‚ltl:
1506 4185 1626 4259 «Quam
1634 4185 1666 4248 id
1674 4184 1885 4255 reetefaeiam,
1893 4185 2211 4268 videriatsapientes.»

456 4285 611 4362 uendente
624 4289 658 4346 ut
670 4282 767 4364 magis
779 4281 880 4360 faciat,
895 4282 1035 4346 addimus
1051 4283 1172 4362 valleia,
1192 4282 1308 4365 secem,
1366 4285 1537 4368 Mesene.
1545 4283 1642 4362 idem,
1650 4283 1689 4346 de
1696 4282 1767 4345 Nat.
1777 4282 2082 4364 deor.,l.lil,c.t,tt:
2095 4285 2215 4359 «Quam

464 4385 496 4448 id
518 4390 575 4461 est,
597 4383 663 4445 lieet
683 4391 717 4444 tu
735 4379 851 4456 videas,
880 4388 912 4443 ta
929 4381 1090 4462 perspicias
1111 4381 1183 4464 quid
1203 4383 1307 4464 socias.
1367 4381 2216 4466 simileistudsit,tnoideris.aQuopactoirequentissime

465 4484 531 4547 Hoc
553 4480 684 4545 dicimus
704 4480 761 4543 sub
780 4480 882 4562 specie
901 4478 1092 4544 concedendi
1113 4480 1215 4562 potius
1235 4498 1310 4544 cun·
1366 4481 1756 4565 idemloquitur.Liv.,l.l,
1768 4500 1797 4545 c.
1809 4484 1868 4545 58:
1883 4481 2218 4564 allos,inquit,videsa'-

465 4587 593 4646 etentes.
606 4579 685 4642 Nam
699 4596 770 4643 eum
783 4577 884 4641 iacere
894 4597 932 4642 ex
944 4578 1047 4642 animo
1060 4579 1236 4659 suademus,
1248 4599 1309 4645 non
1366 4583 1406 4646 tis
1417 4582 1492 4664 quid
1501 4581 1544 4646 illi
1554 4581 1702 4644 debeatur
1709 4599 1720 4662 ;
1734 4599 1793 4661 ego
1804 4599 1855 4644 me
1869 4581 1924 4644 etsi
1935 4587 2062 4663 peccato
2077 4581 2216 4660 absolvo,

465 4682 505 4745 ita
518 4679 674 4763 loquimur
687 4701 695 4743 ι
710 4678 828 4759 secem,
842 4677 952 4742 videris
959 4699 974 4756 ;
991 4678 1047 4742 sed
1060 4679 1173 4761 senas,
1196 4676 1310 4756 videas,
1367 4680 1516 4763 supplicio
1525 4680 1725 4762 nonlliberom
1734 4679 1835 4742 Prima
1843 4685 1947 4743 tamen
1955 4699 2082 4762 persona
2090 4681 2216 4762 pluralis

466 4777 654 4844 exhortativa
668 4781 790 4840 utentes
808 4794 959 4841 sermone.
983 4775 1202 4842 Euunciatione
1221 4777 1311 4857 igitur
1367 4777 1970 4863 viderimusprooidebimasvideturponi.
1981 4779 2145 4862 ldem,pro
2154 4781 2217 4845 Ro-

469 4875 577 4941 eadem
591 4873 764 4938 affirmativa
786 4878 819 4938 et
836 4873 1008 4938 concessiva
1021 4881 1067 4939 est
1080 4875 1206 4956 species,
1221 4894 1311 4940 sensu
1367 4880 1431 4943 scie
1443 4879 1526 4956 Am,
1538 4898 1566 4943 c.
1579 4881 1678 4956 30,8l
1690 4897 1699 4943 ι
1713 4901 1729 4939 a
1742 4878 1788 4942 lle
1800 4877 1945 4962 Capitone
1959 4885 2029 4962 post
2041 4879 2213 4955 viderimus,

466 4992 538 5040 vero
551 4973 661 5037 differt.
677 4972 826 5047 Quoniam
836 4992 905 5056 quae
916 4973 1053 5057 liqueant
1061 4974 1149 5040 nobis
1158 4993 1222 5040 non
1233 4993 1309 5054 esse,
1368 4979 1404 5056 si,
1414 4976 1675 5062 quemadmodum
1691 4981 1831 5060 paratum
1845 4995 1911 5040 esse
1925 4977 2016 5042 audio
2023 5025 2035 5057 ,
2049 4979 2133 5041 testis
2144 4998 2217 5061 pro-

469 5072 668 5151 affirmantes,
693 5070 778 5154 quasi
799 5069 859 5134 sint
881 5071 961 5135 lacta
986 5071 1188 5136 defendimus.
1215 5071 1310 5151 ltem,
1369 5076 1492 5139 derit.»
1516 5075 1569 5139 Sic
1585 5074 1711 5153 Gellius,
1724 5076 1747 5138 l.
1761 5075 1844 5153 xlx,
1866 5095 1894 5140 c.
1909 5079 1945 5154 8,
1966 5076 2101 5159 loquitur
2115 5096 2124 5140 ι
2140 5077 2218 5140 «Vi-

469 5191 539 5255 quae
560 5189 756 5253 nequaquam
769 5168 909 5233 volumus
927 5170 1006 5248 lieri,
1019 5169 1113 5234 verbo
1134 5171 1218 5234 velut
1238 5169 1313 5235 dant
1368 5175 1496 5239 dabimus
1510 5180 1613 5237 autem
1636 5180 1705 5256 post
1718 5174 1757 5244 de
1774 5174 1928 5254 inimiciis,
1943 5176 1982 5238 de
1992 5175 2164 5258 quadrigis,
2179 5195 2218 5239 ae

467 5270 687 5344 concedmus,
715 5276 749 5333 ut
771 5269 966 5352 pertinaciam
990 5269 1194 5335 contendendi
1222 5270 1313 5336 evite-
1368 5272 1535 5339 forassem
1559 5271 1599 5336 de
1620 5273 1773 5356 quadrigis
1791 5280 1929 5338 veterum
1952 5274 2122 5339 auctoritati
2141 5293 2218 5339 con-

462 5387 570 5442 mus.»
585 5368 658 5436 nae
669 5369 733 5441 ille.
750 5367 980 5452 Subiunctivam
988 5369 1169 5456 qualitatem
1181 5369 1312 5460 appellat
1368 5391 1523 5440 cessero.»
1538 5372 1615 5450 Cio,
1625 5371 1664 5435 ad
1677 5372 1755 5450 tta,
1770 5372 1793 5435 l.
1808 5371 1847 5450 ll,
1862 5391 1912 5459 ep.
1929 5375 1989 5452 v,1
2006 5393 2015 5436 ε
2035 5371 2220 5447 «Orationes
