4680 6166
1099 660 1143 714 Dll
1162 659 1352 712 vannorum
1370 657 1643 712 GONJUGATIONE.

944 837 1136 1006 anon,
1181 880 1432 984 vnnouu
1478 888 1807 1004 rasorium,

1201 1087 1255 1169 sic
1269 1086 1550 1169 declinabitur:

661 1285 719 1356 68.
764 1293 1031 1359 lNDlCA'l’llll
1072 1293 1189 1360 llODl

779 1445 901 1490 TEMPUS
920 1445 1073 1490 PRAESENS·

557 1573 674 1672 Amo,
691 1571 824 1652 addetur
836 1599 873 1674 r;
892 1571 1174 1652 coeterocodem
1187 1574 1312 1651 modo.

504 1731 609 1839 qu.
667 1734 803 1833 Amor,

666 1857 819 1939 Amoris
832 1859 893 1937 cel
904 1883 1050 1956 amare,

666 1981 845 2061 Amatur.

506 2105 621 2186 Plur.
667 2109 872 2206 Amamur,

667 2231 884 2332 Amamini,

667 2362 873 2441 Amantur.

701 2561 904 2610 rfflltatwrt
925 2560 1153 2606 memorum.

562 2698 1351 2800 Amabam,mmctatuzirr3ncrncaetcm's.

510 2865 616 2970 Sino.
675 2859 862 2958 rimabar,

672 2984 877 3068 Amabaris
889 2986 950 3066 vel
964 2982 1158 3083 amabam,

673 3111 904 3193 rimabatur.

512 3241 626 3322 Plur.
673 3238 930 3335 Amabamur,

674 3362 942 3464 Amabamini,

675 3489 932 3571 rimabantur.

725 3693 927 3740 rafflltlwrd
948 3689 1138 3736 ramerum.

516 3826 624 3929 Βίης.
676 3824 856 3922 Amatus,
891 3826 1036 3920 amata,
1071 3822 1243 3898 amatum
1275 3841 1360 3896 sum

728 3949 789 4028 cel
801 3944 869 4046 lui,

680 4077 858 4173 Amatus,
879 4079 930 4172 ta,
950 4078 1031 4151 tum
1048 4096 1088 4151 es
1101 4071 1162 4149 ccl
1175 4066 1294 4168 luisti,

679 4201 859 4300 Amnius,
877 4207 928 4298 ta,
947 4204 1030 4277 tum
1044 4203 1100 4279 est
1111 4196 1172 4276 oel
1184 4193 1269 4274 luit.

1410 1298 1524 1378 Plur.
1570 1296 1714 1396 Amati,
1737 1303 1798 1396 tre,
1814 1302 1852 1375 ta
1870 1319 2022 1376 eramus
2040 1294 2101 1372 vel
2119 1293 2256 1373 luera-

1623 1451 1710 1506 mus

1570 1488 1796 1651 Amatiltae,
1815 1557 1854 1628 ta
1867 1548 1984 1631 eratis
1997 1551 2059 1628 vel
2078 1546 2254 1647 lucratis,

1572 1675 1719 1776 Amati,
1740 1683 1800 1776 tae,
1818 1682 1980 1757 inerant
1994 1673 2238 1756 colluerant.

1748 1881 1908 1927 summum.

1467 2001 1632 2100 Amabo,
1649 1999 1781 2082 addita
1792 2025 1830 2102 ι’,
1846 2003 1901 2080 ezir
1913 1998 2094 2081 docebor.

1412 2163 1518 2268 Si'nq.
1571 2161 1758 2262 rimabor,

1573 2286 1777 2368 Amaberis
1790 2288 1851 2368 oct
1863 2286 2058 2388 amabere,

1574 2411 1793 2493 Amabitur.

1414 2537 1524 2618 Plur.
1575 2538 1822 2640 rimabimur,

1574 2663 1831 2764 Amabimini,

1575 2789 1837 2870 rimabuntur.

1465 2970 1524 3042 69.
1547 2977 1671 3045 Veteres
1690 2977 1877 3062 grammatici
1898 2979 1991 3044 verbo
2011 2979 2112 3045 activo
2127 2982 2269 3046 solebant

1415 3078 1617 3162 impersonale
1629 3079 1813 3162 adjungere,
1827 3084 1989 3163 propterea
2003 3078 2086 3162 quod
2100 3082 2268 3147 crederent

1413 3177 1566 3242 actionem
1584 3179 1765 3259 significare.
1786 3179 1902 3243 Vemm
1921 3177 2022 3241 sintne
2036 3177 2266 3261 impersonalia,

1416 3280 1449 3341 et
1467 3294 1507 3340 an
1526 3277 1648 3359 agendi,
1664 3295 1703 3341 an
1717 3276 1852 3359 patiendi
1869 3283 2011 3341 naturam
2029 3276 2176 3357 habeant,
2197 3279 2271 3343 satis

1415 3374 1447 3439 in
1461 3375 1691 3440 constructione
1709 3375 1826 3440 dictum
1838 3381 1894 3440 est.
1910 3373 1999 3449 Quod
2015 3393 2087 3438 vero
2102 3376 2143 3440 ad
2155 3395 2268 3442 eorum

1417 3473 1654 3538 declinationem
1673 3475 1794 3555 attinet,
1816 3474 1944 3538 eumad
1967 3473 2117 3538 defectiva
2139 3482 2274 3540 rentum

1418 3573 1487 3652 erit,
1502 3574 1640 3638 nonnihil
1653 3573 1747 3637 etiam
1759 3573 1799 3638 de
1813 3591 1849 3637 ea
1860 3573 1993 3638 dicetur.

1456 3671 1644 3737 Praeteritum
1664 3670 1835 3754 perlectum
1857 3677 1889 3734 et
1910 3671 2277 3755 plusquamperfectum

1419 3769 1531 3833 dobant
1540 3769 1637 3835 latini
1651 3769 1810 3852 participio
1824 3769 1968 3852 praeteriti
1981 3771 2128 3854 temporis
2136 3777 2169 3836 et
2176 3777 2278 3840 verbo

1419 3869 1605 3933 substantivo
1610 3887 1621 3950 3
1642 3887 1745 3952 neque
1765 3867 1848 3932 enim
1869 3887 1906 3932 ea
1925 3885 2001 3932 voce
2019 3888 2094 3947 una,
2108 3889 2197 3935 more
2213 3872 2277 3938 lle·

1419 3965 1570 4032 braeorum
1591 3973 1645 4032 aut
1667 3967 1855 4046 Graecomm,
1876 3966 2031 4032 declinare
2050 3975 2190 4051 possunt.
2217 3969 2277 4034 lta-

1420 4086 1482 4149 que
1505 4076 1619 4130 umotos
1638 4087 1701 4144 som
1723 4067 1850 4131 verbum
1874 4073 1921 4130 est
1943 4067 2087 4149 preteriti
2104 4069 2257 4150 temporis
2264 4094 2274 4150 3

1422 4165 1559 4248 quamvis
1581 4166 1663 4229 enim
1684 4187 1758 4244 sum,
1779 4185 1835 4248 per
1857 4183 1890 4230 se
1911 4167 2056 4248 positum,
2072 4185 2210 4251 praesens
2224 4169 2275 4248 sit,

1423 4263 1581 4347 participio
1598 4271 1703 4328 tamen
1719 4267 1862 4346 junctum
1880 4265 1942 4329 vim
1961 4266 2107 4348 temporis
2121 4265 2168 4329 sui
2182 4267 2277 4330 amit-

519 4324 631 4405 Plut'.
680 4324 827 4418 Amallv
845 4332 996 4426 amalae,
1015 4329 1143 4403 amala
1157 4346 1291 4401 sumus
1308 4323 1368 4401 vel
1422 4363 1470 4442 tit,
1486 4371 1577 4447 atque
1596 4365 1629 4427 in
1649 4365 1834 4446 praeteritum
1855 4364 1982 4446 migrot3
2005 4383 2063 4428 nec
2084 4366 2148 4430 duo
2167 4367 2275 4445 verba,

734 4449 891 4550 luimm,

681 4569 828 4676 limati,
847 4582 907 4674 tre,
926 4581 964 4655 ta
975 4572 1065 4654 estis
1075 4572 1135 4652 oet
1147 4569 1283 4670 luistis,

682 4698 826 4800 Amati,
850 4706 913 4799 tae,
936 4704 976 4778 ta
993 4704 1098 4797 sunt,
1117 4698 1178 4777 vel
1193 4697 1364 4796 luerunt,

734 4826 795 4905 vel
814 4824 933 4906 luere.

642 5027 844 5076 PRAE'I'ERITUM
865 5029 1027 5083 PLUSQUAM
1048 5025 1242 5073 PERFECTUM·

525 5158 629 5263 Sino.
684 5161 868 5260 rimatus,
891 5166 945 5256 ta,
968 5166 1050 5239 tum
1071 5181 1177 5238 eram
1197 5157 1259 5234 vel
1277 5152 1369 5235 lue-

738 5309 838 5385 ram,

685 5411 862 5511 Amatus,
883 5416 935 5508 ta,
951 5417 1133 5488 tumeres
1151 5407 1210 5486 vel
1228 5405 1367 5501 lueraS,

687 5538 863 5638 rimatus,
880 5543 931 5638 ta,
950 5544 1033 5617 tum
1047 5539 1130 5616 erat
1142 5533 1203 5612 vel
1215 5533 1348 5612 luerat.

1423 4463 1476 4527 sed
1489 4482 1589 4527 unum
1597 4463 1786 4528 censendum
1798 4469 1856 4528 est.
1867 4463 1945 4527 Nam
1957 4463 1982 4527 si
1996 4464 2060 4528 duo
2070 4472 2185 4542 essent,
2196 4473 2276 4530 tunc

1424 4571 1539 4626 amatos
1558 4581 1671 4627 nomen
1685 4569 1776 4642 esset,
1791 4583 1854 4626 oum
1865 4580 1938 4629 vero
1951 4563 2091 4641 verbum,
2108 4571 2144 4627 ut
2158 4565 2278 4646 leyotos

1424 4682 1499 4741 snm,
1514 4662 1544 4725 id
1558 4668 1615 4740 est,
1629 4663 1843 4744 fonqorteycti
1855 4681 1984 4725 munere.
1996 4661 2166 4725 Audiamus
2175 4661 2213 4724 P.
2225 4663 2279 4728 Ni·

1425 4762 1541 4843 gidium
1568 4761 1608 4823 de
1632 4760 1690 4824 hac
1716 4780 1749 4824 re
1779 4761 1861 4844 apud
1890 4759 2024 4824 Gellium
2051 4760 2277 4841 disserentem,

1425 4861 1447 4923 l.
1466 4857 1561 4938 llVll,
1576 4877 1604 4922 c.
1622 4863 1639 4920 7
1658 4877 1667 4922 :
1685 4860 1801 4941 «legis
1814 4859 1923 4923 veteris
1942 4859 2065 4937 Atiniae,
2083 4858 2184 4942 inquit
2205 4859 2278 4924 Gel-

1426 4960 1496 5036 lius,
1517 4957 1609 5020 verba
1630 4962 1729 5022 sunt:
1754 4957 1837 5034 Quod
1860 4965 2030 5040 surreptum
2053 4957 2125 5034 crit,
2144 4957 2209 5039 aas
2233 4958 2280 5021 rei

1427 5068 1541 5124 ceterm
1561 5056 1722 5119 auctoritas
1743 5064 1813 5119 esto.
1835 5054 1909 5130 Quis
1929 5056 2011 5120 aliud
2031 5061 2120 5138 putet
2142 5057 2174 5118 in
2191 5055 2280 5122 hisce

1426 5154 1537 5234 verbis,
1548 5173 1640 5238 quam
1656 5153 1695 5218 de
1709 5160 1847 5236 tempore
1862 5161 1984 5218 tantum
1996 5155 2102 5219 futuro
2112 5155 2216 5236 legem
2232 5155 2280 5219 lo-

1426 5256 1495 5338 quit
1511 5255 1572 5319 Sed
1585 5254 1622 5328 Q.
1637 5253 1772 5318 Scaevola
1786 5259 1906 5336 [ranem
1920 5273 2024 5332 suum,
2040 5259 2072 5316 et
2085 5252 2232 5332 Brutum,
2247 5261 2281 5319 et

1426 5354 1600 5433 Manilium,
1613 5355 1694 5418 viros
1707 5353 1845 5438 apprime
1863 5352 1988 5433 doctos,
2002 5352 2148 5438 quaesisse
2165 5354 2208 5416 ait
2221 5355 2281 5417 du-

1426 5453 1599 5535 bitasseque
1622 5458 1765 5518 utrumne
1789 5453 1821 5515 in
1842 5451 1993 5535 postfacto
2012 5454 2107 5518 modo
2129 5451 2211 5516 turta
2228 5454 2281 5518 lex

1427 5551 1549 5632 voleret,
1577 5570 1618 5616 on
1662 5553 1754 5618 ctiam
1781 5551 1813 5616 in
1836 5550 2006 5617 antefactat
2030 5553 2179 5635 quoniam
2213 5571 2281 5617 ner-
