4630 6164
726 583 964 636 cousrnucrro
983 584 1162 636 urrunnu.
1745 563 1820 641 369
1863 599 1865 606 ’

76 719 196 796 dr'cum
209 742 256 797 ee
269 742 355 821 quae
368 715 532 797 dicenda
548 717 619 796 boe
635 723 807 821 tempore
828 715 1002 814 arbilror,
1027 742 1219 821 exponam
1244 719 1350 799 vobis
1372 721 1537 800 breviler
1558 722 1762 801 consilium
1786 731 1824 801 el

78 839 321 946 profectionis
334 848 373 920 el
386 838 611 921 reversionis
625 865 734 921 mere.
752 873 773 914 ›>

790 1201 1107 1296 PRlUSQUAM

124 1471 363 1574 Priusquam
378 1467 513 1550 iisdem
529 1466 655 1546 modis·
665 1466 821 1573 gaudet.

124 1592 272 1690 Cicero,
293 1590 439 1691 leil.‚
457 1618 492 1673 c.
511 1592 550 1691 4,
569 1593 611 1668 ll
630 1621 639 1668 :
656 1623 677 1663 «
692 1591 926 1698 Priusquam
940 1591 987 1671 de
1004 1589 1205 1696 republica
1225 1590 1353 1670 dicere
1373 1595 1529 1696 zuczpz'o,
1548 1618 1669 1697 pauca
1688 1618 1827 1696 queror

78 1719 121 1796 de
142 1715 326 1796 beslerne
347 1716 399 1794 M.
426 1713 587 1794 Aulonii
608 1712 765 1819 injuria.
788 1746 809 1787 >2
833 1716 953 1810 ldem,
979 1741 1048 1820 pro
1070 1715 1166 1815 Mil,
1191 1742 1226 1795 c.
1252 1715 1317 1812 36,
1340 1715 1417 1794 99;
1441 1747 1463 1789 «
1482 1717 1665 1796 Praeclare
1684 1716 1826 1815 vixero,

80 1840 198 1946 siquid
215 1839 311 1919 mibi
326 1838 521 1936 acciderit,
537 1843 765 1944 priusquam
780 1838 852 1917 boc
869 1844 1019 1918 tontum
1034 1839 1128 1918 mali
1141 1841 1286 1918 uidem.
1302 1871 1323 1911 »
1343 1837 1558 1938 SellusliuS,
1577 1839 1707 1938 Catil,
1725 1868 1758 1920 c.
1783 1845 1796 1919 l
1815 1874 1823 1920 :

84 1998 101 2034 «
116 1965 346 2067 Priusquam
361 1965 534 2066 cumpton,
551 1961 746 2058 consull03
764 1968 802 2039 el
822 1959 887 2038 ubi
904 1961 1156 2062 consulueris,
1174 1971 1326 2041 mature
1341 1961 1441 2042 loclo
1456 1990 1553 2066 opus
1568 1972 1638 2042 esl.
1657 1997 1677 2036 »
1779 2015 1785 2032 ,

777 2344 848 2422 ΝΕ
884 2343 1130 2422 VETANDl

130 2590 220 2668 402.
253 2589 313 2667 Ne
340 2587 630 2692 subjunctivum
659 2587 771 2692 petil,
801 2613 890 2668 cum
927 2587 1071 2690 aliquid
1105 2589 1369 2692 prohibemus.
1405 2593 1620 2690 TerenliuS,
1651 2595 1827 2676 Eunucb.

82 2722 149 2793 acl.
166 2715 212 2810 ll,
231 2739 284 2793 se.
303 2715 342 2810 d,
358 2739 394 2789 v.
412 2711 517 2790 388:

818 2933 958 2950 .....
981 2887 1028 2951 Ne
1041 2895 1110 2971 post
1122 2892 1256 2971 conserus

496 2985 624 3066 Culpam
637 2986 668 3047 in
683 3003 732 3048 mc
736 3031 877 3047 .....

84 3160 223 3258 Livius,
255 3160 283 3237 l.
316 3159 437 3255 XXX,
471 3182 504 3241 c.
538 3156 624 3235 30:
657 3188 678 3229 «
705 3155 767 3235 Ne
791 3163 844 3233 lol
870 3180 1060 3235 annorum
1078 3157 1315 3237 lelicitolem
1345 3159 1384 3237 in
1412 3159 1528 3239 nnius
1554 3159 1656 3239 horae
1683 3162 1835 3240 dederis·

80 3282 301 3363 discrimen.
316 3315 337 3355 »

131 3406 229 3487 Pelil
252 3415 290 3486 el
312 3405 584 3511 imperalivum
607 3404 777 3484 maxime
800 3405 902 3509 apud
917 3413 1061 3510 poelos.
1080 3406 1249 3504 Pleulus,
1268 3409 1371 3485 Pers.
1390 3415 1464 3485 eol.
1485 3407 1549 3501 Ν,
1567 3434 1620 3486 sc.
1640 3408 1678 3505 3,
1697 3437 1731 3485 r.
1753 3407 1802 3484 20
1822 3440 1830 3486 :

476 3598 546 3676 Abi,
562 3598 693 3680 uejura,
707 3597 779 3660 sutis
792 3597 897 3660 credo.

82 3767 278 3873 Virgilius‚'
295 3769 386 3846 AEn.
402 3767 485 3864 Vll,
501 3792 537 3843 ν.
556 3765 633 3844 202
652 3798 660 3844 :

477 3958 524 4021 Ne
532 3960 629 4040 sopite
643 3960 822 4042 hospitium,
837 3979 909 4023 uere
923 3962 1058 4042 iquorem
1073 3961 1205 4024 Latinos.
1295 4045 1301 4062 Ι

119 4165 339 4238 Quintilianus,
362 4165 384 4225 l.
405 4163 431 4238 l,
448 4182 477 4225 c.
503 4165 534 4240 5,
558 4165 608 4238 50,
631 4162 682 4225 ubi
700 4163 739 4225 de
756 4164 929 4228 soloecisnm
988 4171 1080 4240 trem,
1096 4163 1204 4245 inquil,
1220 4164 1273 4225 tibi
1293 4181 1347 4244 per
1364 4165 1430 4227 baec
1454 4164 1561 4227 merila
1577 4165 1777 4242 commendo,
1801 4175 1833 4228 lu

81 4263 165 4343 agit:
185 4287 201 4322 ι
218 4261 258 4326 El
271 4281 320 4336 uc,
337 4261 448 4343 inquit,
463 4279 570 4323 acuon
584 4260 745 4340 adverbia;
758 4260 811 4343 qui
826 4269 929 4324 tamen
987 4261 1069 4323 illarn
1091 4269 1191 4339 luere,
1211 4261 1354 4339 defende,
1371 4280 1452 4340 ama,
1473 4281 1509 4324 uc
1530 4263 1672 4344 relinque.
1694 4284 1710 4323 n
1733 4263 1771 4326 El
1792 4265 1835 4325 lc-

82 4359 161 4422 dioul
174 4379 231 4442 pro
244 4359 297 4423 illo
313 4377 322 4422 ε
339 4357 385 4422 Ne
396 4359 514 4440 seceris,
530 4359 598 4420 Nou
614 4359 732 4440 seceris,
746 4359 776 4419 in
791 4357 870 4420 idem
886 4358 931 4420 in·
987 4358 1157 4440 gislalores.
1173 4357 1292 4434 Cicero,
1306 4358 1345 4420 de
1359 4357 1447 4438 ch.,
1462 4359 1483 4419 l.
1500 4357 1538 4436 ll,
1552 4377 1581 4421 c.
1598 4362 1630 4436 9,
1645 4361 1686 4421 m
1702 4382 1709 4423 :
1728 4359 1836 4422 «Pru-

80 4457 162 4520 cidnt
182 4458 312 4537 vilium;
332 4457 405 4539 quic
422 4458 553 4520 alterurn
574 4455 703 4535 negandi
723 4462 786 4532 est,
800 4457 929 4519 ultorum
986 4463 1033 4519 ter
1051 4456 1128 4518 ldeae
1148 4455 1253 4518 metris
1268 4455 1411 4533 famulos,
1429 4473 1543 4536 eosque
1559 4457 1647 4536 justis
1664 4457 1785 4534 dicbus,
1800 4479 1835 4518 m

81 4555 213 4617 volendi.
236 4575 252 4614 ι
271 4553 475 4617 Buccillo·
489 4551 621 4616 Utuntur
637 4551 791 4615 interdum
815 4559 845 4614 et
864 4571 931 4616 oro·
988 4552 1056 4634 quis
1069 4552 1177 4634 stipem
1189 4553 1295 4633 copim.
1312 4575 1327 4610 o

81 4659 161 4716 lores
182 4653 373 4734 imperativo.
394 4651 495 4730 Idem,
512 4650 648 4713 beclem.
664 4649 713 4727 Vl,
732 4669 761 4712 c.
777 4654 821 4714 6:
842 4650 931 4712 olle·

912 4989 1001 5065 NAE

133 5231 231 5311 403.
262 5233 348 5331 Nae,
371 5234 444 5314 boo
467 5242 536 5333 esl,
554 5238 749 5338 profecto,
775 5232 1351 5339 pronominibuspraeposilum,
1381 5232 1628 5313 indiculivum
1652 5235 1711 5314 vel
1735 5261 1837 5314 con-

75 5354 303 5460 junctivum
323 5357 428 5460 pelil.

1640 5503 1676 5561 or
