4616 6160
686 578 731 629 nu
760 575 923 630 nournun
952 574 1220 627 nacnrnsrronn.
1752 547 1825 624 187

96 723 207 783 carone,
225 705 310 769 Verr.
327 712 387 771 aot.
407 706 445 783 ll,
461 707 483 770 l.
495 707 535 786 ll,
551 727 579 773 c.
598 711 647 788 52,
664 710 746 772 138:
766 707 922 771 aNavinm
979 707 1211 788 cruciatumque
1223 705 1359 787 rapuisti.
1377 729 1392 766 a
1409 706 1579 788 ltemquod
1595 705 1685 768 iaciat
1697 725 1825 770 accusa-

96 804 243 888 pralectos
267 805 334 868 sine
365 806 424 868 ulla
449 825 542 869 causa
563 806 602 868 dc
628 807 792 888 complexu
814 823 923 886 parea-
979 806 1041 870 tivo
1058 805 1169 888 plurali
1183 806 1319 885 parentis
1338 824 1393 888 per
1405 806 1427 878 τ’,
1443 806 1525 868 idem
1538 804 1631 867 sentit
1647 805 1823 883 Diomedes,

96 904 158 964 tissi
179 904 220 981 (3)
241 920 379 978 suorum,
403 902 559 985 hospitum
580 911 704 968 tuorum
731 904 770 966 ad
792 909 922 965 mortem
979 903 1002 967 l.
1014 903 1040 981 l,
1060 922 1092 986 p.
1105 905 1176 966 283.
1195 902 1352 981 Nonnulli,
1373 905 1457 984 quod
1471 903 1660 967 verisimilius
1681 912 1737 981 est,
1750 923 1826 987 prai-

950 1073 954 1102 Ι
980 1002 1098 1084 cipiunt
1111 1001 1263 1083 eiriqttam
1278 1002 1443 1065 dicendum
1458 1020 1542 1082 esse3
1558 1002 1611 1066 sed
1625 1003 1746 1066 nullum
1758 1021 1828 1066 sua·

950 1103 955 1242 y
982 1100 1079 1163 currit
1097 1102 1286 1182 exemplum.
1306 1100 1399 1178 Pliu.,
1417 1100 1439 1162 l.
1453 1099 1532 1179 vllt,
1548 1119 1576 1166 o.
1591 1103 1640 1172 57,
1655 1103 1676 1162 2
1691 1119 1700 1164 t
1718 1101 1830 1183 «Lyn-

119 1212 150 1278 (³)
167 1212 278 1266 duellius
288 1219 316 1266 ct
329 1215 614 1282 leubaerpasssstssm.
951 1243 955 1280 ,
982 1217 1047 1262 tum
1057 1199 1170 1263 humor
1180 1197 1224 1261 ila
1235 1197 1373 1262 redditus
1376 1244 1387 1276 ,
1400 1204 1460 1262 oto.
1473 1221 1488 1257 a

670 1423 913 1506 DATlVUS
940 1425 1227 1506 PLURALIS.

139 1581 227 1662 lat.
260 1584 421 1665 bativus
436 1585 477 1665 iu
494 1587 576 1666 ibas
589 1587 682 1686 exit,
700 1595 742 1665 ut
756 1587 1000 1666 aemonias.
1019 1587 1095 1666 Bos
1110 1592 1241 1666 tamen
1262 1586 1373 1666 bobm
1391 1593 1457 1668 aut
1476 1586 1591 1664 badas
1611 1585 1715 1666 facit.

137 1707 306 1788 Graecaa
327 1710 474 1791 neutris
489 1711 529 1791 in
542 1738 565 1792 a
579 1711 620 1791 in
635 1717 667 1791 ii·
681 1713 868 1820 syllabam
883 1712 1123 1818 frequentius
1136 1719 1291 1812 exeunt,
1307 1718 1351 1793 ut
1357 1716 1682 1819 peripetasmatis,
1699 1712 1830 1792 emble-

94 1837 215 1932 matis,
225 1840 417 1938 poematis
436 1845 473 1916 et
484 1838 735 1942 poententiam,
757 1839 971 1944 diplomatis
989 1845 1028 1944 et
1047 1839 1330 1943 diplomatibus.

605 2052 985 2135 ACCUSATIVUS
1015 2054 1303 2134 PLURALlS.

142 2211 390 2292 Accusativus
408 2212 665 2292 multitudinis
683 2212 723 2292 in
738 2240 776 2294 es
790 2213 976 2320 syllabam
995 2213 1088 2312 exit,
1113 2222 1155 2292 ut
1178 2241 1387 2312 ammones,-
1407 2213 1483 2294 cxii
1502 2221 1540 2293 et
1554 2212 1603 2316 ⁴in
1624 2240 1655 2292 is
1675 2212 1737 2293 vel
1758 2218 1824 2311 ei's,

95 2359 173 2414 aum
199 2335 391 2445 genitivus
419 2346 611 2418 certorum
639 2338 842 2424 nominum
869 2338 1010 2418 desinit
1035 2337 1075 2416 in
1103 2343 1197 2437 i'iim,
1221 2347 1264 2418 ut
1289 2343 1425 2438 amieis,
1446 2339 1564 2435 arbes,
1587 2337 1649 2418 vel
1668 2344 1823 2438 omneis,

95 2461 224 2562 uelem
238 2470 325 2542 uter
339 2463 449 2542 alteri
465 2463 513 2543 sit
527 2463 787 2568 preferendus
793 2463 1021 2569 judicabunt
1036 2485 1160 2544 aures.

698 2679 869 2762 CASUS
897 2680 1201 2761 PLURALES.

136 2837 247 2919 Casus
267 2839 437 2946 plurales
456 2841 698 2942 nominandi,
716 2841 919 2923 accusandi
933 2848 972 2921 et
985 2841 1147 2922 vocandi
1165 2841 1293 2921 neutri
1309 2839 1464 2950 generis
1479 2839 1518 2919 in
1533 2866 1557 2920 a
1570 2839 1773 2940 desinunt,
1794 2840 1825 2920 si

90 2961 263 3044 ablativus
278 2965 319 3044 iu
334 2993 353 3045 e
368 2974 518 3047 tautum
532 2967 625 3069 exit,
644 2975 687 3047 ut
701 2978 895 3074 tempora,-
910 2966 969 3047 sln
983 2992 1071 3048 vero
1086 2971 1113 3067 i',
1132 2974 1198 3046 aut
1218 2967 1311 3048 evel
1330 2972 1347 3046 i'
1360 2965 1603 3064 terminetur,
1620 2973 1711 3046 tunc
1728 2965 1768 3044 in
1787 2969 1826 3044 i'a

90 3085 268 3191 desinent,
291 3099 334 3171 ut
352 3095 563 3199 vectigalia,
579 3097 762 3199 i'ieqeats'a.

133 3215 269 3295 Praeter
292 3218 568 3322 comparativa,
596 3231 715 3317 vetas,
743 3220 852 3324 plaia,
881 3243 966 3323 quaa
994 3216 1035 3296 in
1062 3245 1086 3297 a
1109 3223 1253 3298 exeunt
1283 3247 1291 3295 :
1323 3218 1491 3321 majam,
1520 3226 1663 3318 vetera,
1688 3217 1820 3320 plara.

91 3339 270 3442 Aplaatre,
291 3343 485 3448 aplustria
503 3351 541 3426 et
561 3345 736 3450 aplustra
754 3342 859 3424 facit.

620 3559 851 3641 GRAECUS
879 3557 1276 3640 ACCUSATlVUS.

90 3717 380 3918 Ecaccusativus
407 3744 554 3826 graecns
577 3717 618 3798 in
650 3745 693 3799 aa
723 3718 886 3815 desinit,
919 3728 962 3798 ut
983 3719 1204 3824 delplii'iias,
1237 3717 1375 3816 Troas,
1403 3728 1585 3797 crateras.
1617 3714 1822 3824 Virgilius,

138 3840 209 3949 log.
231 3843 332 3944 Vlll,
353 3871 390 3921 v.
414 3843 493 3923 ὅθι

471 4028 613 4112 Orpbeus
625 4029 656 4093 in
669 4028 762 4107 silvia,
778 4028 858 4092 inter
870 4028 1023 4112 delpla'aas
1036 4027 1142 4092 Arion.

121 4232 230 4314 (labus,
243 4242 280 4298 ut
292 4235 335 4299 ait
347 4235 529 4314 Priscianus,
545 4237 568 4298 l.
583 4235 649 4314 Vll,
662 4257 695 4319 p.
710 4238 781 4314 lid,
797 4235 922 4301 arbitra·
978 4235 1059 4315 Tito,
1073 4254 1102 4300 c.
1121 4238 1140 4298 3
1154 4252 1163 4299 s
1184 4235 1378 4300 «Armorum
1391 4239 1422 4297 et
1437 4235 1594 4318 equitandi
1608 4236 1825 4319 peritissimus,

88 4331 255 4397 tardativos
267 4335 418 4414 graeomb
431 4333 546 4416 syllaba
558 4335 661 4400 finitos
675 4336 922 4400 esscanomina·
978 4335 1072 4398 latine
1090 4352 1265 4417 ganeaque,
1280 4335 1327 4397 vel
1349 4335 1379 4397 in
1399 4335 1532 4413 orando,
1553 4336 1602 4398 vel
1624 4335 1655 4398 in
1677 4335 1829 4418 lingendis

87 4427 145 4491 livia
160 4431 190 4494 in
207 4453 271 4511 aaa,
284 4433 559 4515 pen'petasmatum,
577 4433 790 4498 emblematum.
809 4434 872 4498 Cic.
892 4433 923 4495 in
975 4435 1155 4517 persuati'lus
1174 4439 1348 4516 promptus.
1363 4455 1378 4493 u
1396 4433 1482 4497 ldcm
1507 4435 1539 4498 in
1558 4434 1704 4517 August,
1718 4455 1746 4498 c.
1763 4439 1826 4500 50:

88 4525 133 4589 bb.
154 4529 191 4594 de
213 4531 327 4613 Signis,
350 4531 437 4596 Verr.
465 4539 524 4596 aot.
548 4532 587 4609 ll,
610 4533 633 4597 l.
652 4532 705 4611 lll,
728 4553 757 4598 o.
782 4536 834 4611 lt,
856 4536 921 4595 28:
983 4532 1046 4595 aln
1064 4531 1285 4614 diplomatibus,
1303 4532 1486 4615 libellisque,
1507 4540 1538 4597 et
1557 4533 1692 4616 epistolis
1706 4535 1829 4616 signan-

81 4645 103 4720 .‘
113 4623 194 4691 Nunc
205 4629 245 4693 de
254 4629 505 4711 peripetasmatis,
518 4629 780 4712 quemadmodum
790 4637 822 4694 te
831 4648 920 4712 expe·
978 4633 1025 4696 dis
1037 4632 1123 4696 initio
1138 4633 1267 4714 sphinge
1282 4651 1355 4696 usus
1368 4638 1425 4696 est.
1442 4654 1457 4692 a

86 4721 143 4786 dias
159 4743 219 4790 non
240 4726 348 4791 babes.
367 4749 384 4787 s
409 4727 497 4792 ldem
518 4728 551 4791 iu
572 4728 698 4807 eodem,
725 4749 755 4794 a.
780 4733 831 4806 l'l,
856 4735 920 4794 at:
1016 4732 1085 4798 Nou
1101 4733 1241 4796 omnium
1254 4751 1387 4813 quorum
1406 4732 1559 4814 genitivus
1578 4734 1705 4816 pluralis
1718 4735 1782 4798 exit
1795 4735 1825 4799 iu

89 4820 235 4906 «Scsplria
256 4844 330 4889 cum
352 4827 574 4892 emblematis.»
598 4828 715 4894 Auctor
733 4828 773 4892 ad
794 4828 921 4910 Herem,
977 4835 1049 4913 iam,
1061 4832 1253 4896 accusativus
1263 4832 1389 4914 pluralis
1402 4833 1465 4896 exit
1478 4832 1510 4895 iu
1524 4833 1570 4912 s's,·
1581 4835 1647 4914 sed,
1661 4843 1696 4898 ut
1703 4835 1828 4899 Priscia-

86 4913 104 4976 l.
117 4915 163 4995 lv,
178 4938 205 4982 c.
223 4922 255 4998 Ξ,
275 4923 295 4982 3
309 4945 316 4984 :
337 4944 353 4982 s
373 4921 407 4984 ln
427 4927 473 4986 tot
485 4923 668 5005 poematibus
687 4924 922 4990 morationibus
978 4952 1037 4996 nus
1051 4933 1154 5011 docet,
1170 4933 1192 4994 l.
1213 4931 1279 5010 Vll,
1295 4952 1327 5016 p.
1343 4935 1414 5010 775,
1429 4952 1498 5014 que
1521 4934 1690 5015 genitivum
1712 4935 1828 4999 babent

85 5029 230 5094 qums.»
255 5017 333 5097 Cia,
348 5015 450 5098 offla,
470 5020 493 5084 l.
505 5019 556 5099 lll,
576 5039 604 5085 c.
627 5025 659 5101 3,
675 5025 737 5086 lli:
755 5022 871 5096 aQuod
890 5025 921 5087 in
978 5026 1109 5091 similem
1128 5026 1327 5103 nominativo,
1347 5034 1383 5090 ut
1397 5028 1503 5105 amau,
1522 5028 1628 5107 dalaia,
1647 5030 1744 5108 aava,
1764 5038 1830 5093 tar·

81 5115 250 5190 mbas
272 5119 316 5198 (l)
338 5122 371 5182 et
381 5117 511 5199 picturis
528 5137 587 5184 suu
607 5119 702 5186 venit.
716 5143 732 5182 s
748 5119 875 5187 Sueton.
890 5122 922 5186 in
979 5127 1041 5204 rs's;
1058 5132 1089 5188 et
1101 5145 1171 5208 quae
1184 5125 1341 5208 pluraliter
1355 5131 1477 5188 tantum
1496 5125 1700 5205 declinantur,
1715 5134 1750 5190 ut
1766 5149 1828 5191 ma·

978 5244 1039 5304 aas,
1057 5226 1200 5302 maniam,
1215 5234 1287 5301 tres,
1308 5225 1411 5287 triam.
1431 5223 1510 5286 ltem
1533 5244 1567 5287 er
1584 5225 1701 5308 syllaba
1727 5227 1826 5306 finita,

978 5340 1111 5404 quorum
1127 5322 1277 5386 ablativus
1285 5322 1349 5385 erit
1362 5322 1393 5384 in
1406 5323 1430 5397 ι’,
1445 5327 1480 5384 ut
1490 5341 1566 5400 acer,
1577 5321 1708 5401 solades,
1721 5323 1825 5393 imber,

110 5431 142 5494 itt
158 5431 267 5487 manus
277 5441 305 5487 es
314 5435 597 5502 restum‚pasisais’s.
978 5420 1126 5484 december
1132 5441 1145 5498 ,·
1158 5429 1303 5503 praeterea
1314 5439 1383 5504 qum
1396 5420 1427 5483 in
1436 5441 1481 5498 m,
1493 5439 1526 5482 rs
1535 5421 1689 5499 desinunt,
1703 5426 1737 5483 ut
1748 5423 1825 5502 sans,
