4678 6162
1055 840 1178 979 DE
1252 839 1672 984 CAESURA

396 1271 411 1294 ·
545 1237 634 1314 erc.
667 1234 707 1316 Si
726 1235 855 1341 pedes,
880 1234 1047 1318 maxime
1069 1262 1202 1319 versus
1220 1237 1380 1340 heroici,
1406 1264 1427 1320 e
1449 1237 1612 1349 singuiis
1632 1239 1758 1322 verbis
1779 1245 1971 1337 constent,
1998 1236 2166 1344 ineptum
2191 1245 2222 1318 et

492 1359 680 1440 insulsum
697 1360 739 1439 fit
754 1387 927 1460 carmen,
945 1369 986 1440 ut
1004 1392 1013 1440 :

886 1547 989 1611 Aurea
1002 1546 1107 1611 scribis
1121 1548 1266 1627 carmine,
1282 1548 1504 1628 Juli,:maxime
1514 1557 1629 1614 vatum.

492 1730 647 1828 Contra,
673 1728 702 1808 si
724 1729 840 1808 verbe
855 1726 1112 1808 conciduntur
1132 1727 1187 1806 ite
1206 1735 1248 1808 ut
1271 1738 1406 1810 mutuo
1429 1729 1609 1836 amplexu
1631 1730 1748 1837 pedes
1766 1730 1831 1810 atii
1854 1756 1901 1812 ex
1924 1729 2010 1835 aliis
2024 1729 2220 1835 pendeant,

491 1851 774 1960 pulcherrimus
788 1850 954 1933 efficitur
967 1877 1109 1933 versus.
1128 1852 1326 1960 Virgilius,
1346 1855 1436 1934 AEn.
1455 1856 1483 1956 1,
1501 1882 1539 1934 r.
1558 1856 1659 1934 609:

891 2048 1021 2131 Semper
1034 2048 1143 2126 honos,
1160 2065 1336 2131 nomenque
1350 2055 1452 2126 tuum,
1468 2048 1637 2132 laudesque
1650 2048 1828 2112 manebunt.
1950 2095 1953 2100 .

493 2214 613 2312 idem,
631 2213 790 2314 ibidem,
809 2242 846 2294 v.
866 2214 943 2294 630
963 2277 970 2293 .

887 2401 913 2464 N
916 2419 956 2464 on
973 2399 1077 2482 ignara
1090 2399 1173 2477 mati,
1186 2399 1304 2464 miseris
1314 2417 1494 2464 succurrere
1506 2399 1602 2465 disco.

493 2566 612 2667 idem,
631 2563 789 2663 ibidem,
808 2592 844 2643 v.
864 2564 939 2644 523
959 2595 968 2642 :

886 2747 1069 2830 laetitiaque
1083 2745 1169 2810 dedit
1183 2753 1291 2828 gentes
1305 2747 1433 2812 tranare
1446 2749 1604 2831 superbas.

493 2913 612 3014 idem,
630 2915 721 2994 AEn.
740 2913 806 3011 Vl,
824 2938 861 2991 v.
884 2913 984 2990 165:

888 3099 959 3162 AEre
970 3098 1050 3163 ciere
1061 3099 1151 3177 viros,
1168 3099 1358 3181 Martemque
1372 3099 1540 3164 accendere
1556 3105 1660 3163 cantu.

545 3281 702 3391 Syllaba
728 3307 813 3386 quae
837 3307 882 3362 ex
907 3281 1076 3362 dictione
1100 3279 1272 3380 caeditur,
1301 3306 1345 3360 ec
1369 3288 1455 3388 post
1479 3279 1654 3385 quemvis
1680 3282 1818 3387 pedem
1847 3278 2095 3385 relinquitur,
2123 3277 2227 3388 vulga

492 3435 639 3488 caesrrrn
659 3406 818 3508 dicitur3
843 3407 952 3514 cnjus
975 3414 1083 3486 tante
1103 3414 1160 3487 est
1181 3405 1251 3504 vis,
1276 3413 1317 3484 ut
1338 3405 1423 3513 ejus
1444 3405 1634 3488 beneficio
1655 3405 1783 3487 brevis
1803 3404 1951 3515 syllaba
1973 3407 2225 3512 producatur:

492 3541 550 3614 est
565 3531 669 3614 enim
688 3531 881 3638 quoddam
902 3531 943 3610 in
960 3530 1043 3637 ipsa
1060 3530 1249 3612 divisione
1263 3531 1469 3613 verberum
1485 3531 1611 3614 latens
1629 3538 1801 3639 tempus3
1815 3557 1923 3634 nam,
1940 3531 2033 3612 dum
2047 3555 2231 3613 moramur

492 3665 607 3764 atque
641 3657 688 3738 ad
721 3657 815 3738 elias
846 3655 1075 3756 transimus,
1110 3655 1359 3738 intervalium
1392 3683 1515 3738 unum
1546 3657 1792 3765 spatiumque
1825 3658 2012 3739 lucratur.
2040 3653 2228 3767 Virgilius,

493 3786 584 3865 AEn.
602 3784 667 3884 lV,
683 3812 720 3864 v.
739 3784 814 3864 64:

892 3967 1065 4034 Pectoribus
1077 3967 1198 4032 inhians
1211 3967 1355 4052 spirantia
1368 3969 1502 4033 consulit
1514 3975 1595 4034 exta.

494 4137 614 4236 idem,
633 4137 722 4216 AEn.
739 4133 789 4234 V,
806 4161 841 4212 v.
860 4133 935 4213 337
953 4165 961 4212 :

888 4319 1006 4384 Emicat
1018 4317 1166 4401 Euryales
1181 4327 1213 4384 et
1227 4331 1356 4386 munere
1367 4319 1464 4386 victor
1477 4311 1580 4386 amicir

502 4483 620 4584 ldem,
639 4475 729 4564 AEn.
747 4481 797 4581 X,
815 4509 852 4563 v.
870 4482 973 4562 487:

890 4669 957 4732 Una
970 4668 1144 4756 eademque
1155 4668 1204 4732 via
1216 4675 1348 4750 senaab,
1365 4669 1548 4752 animusque
1559 4673 1742 4752 sequuntur.

490 4805 615 4935 idem,
634 4833 794 4934 ibidem,
811 4859 848 4913 v.
868 4835 970 4915 720:

892 5020 999 5086 Graius
1013 5019 1107 5086 homo
1120 5018 1252 5086 intectos
1263 5021 1407 5104 linquens
1421 5019 1566 5104 protuytta
1578 5019 1765 5102 hymeneos.

496 5191 614 5274 Vides
638 5198 680 5273 ut
706 5191 862 5300 syllabae
889 5202 1026 5274 natura
1054 5194 1187 5274 breves
1214 5199 1299 5299 post
1326 5189 1512 5299 primum,
1543 5192 1776 5288 secundum,
1808 5189 1968 5272 tertirtm
1994 5191 2034 5272 ct
2062 5194 2230 5297 quartunt

498 5318 637 5426 pedem
652 5319 935 5426 producantur?
949 5318 990 5400 ld
1006 5318 1240 5400 beneficium
1254 5343 1408 5401 caesurae
1424 5326 1626 5424 acceptum
1640 5317 1826 5400 referunt.
