4616 6160
650 593 694 646 nn
715 588 998 645 eousrnucrrorm
1017 591 1278 645 turnnustrtvr.
1758 564 1834 646 229

93 721 281 790 meam»
297 723 396 804 ldem,
410 723 424 788 l
440 722 542 802 cant,
560 743 589 788 c.
609 726 641 804 2,
659 727 679 788 t
694 742 704 788 a
721 745 738 784 a
759 723 871 788 Occr'em
891 733 933 787 ert
989 724 1013 790 1.
1026 721 1092 802 vn,
1106 742 1156 806 ep.
1173 727 1222 801 rt,
1238 727 1258 788 3
1273 741 1282 790 t
1299 723 1375 788 a'l'u
1387 722 1452 806 lpse
1465 741 1536 788 cnm
1549 719 1642 788 Sexto
1654 721 1731 788 scire
1744 723 1835 788 velim

93 839 157 888 nun
169 821 273 886 tiberis
284 821 324 887 Ι.
337 821 461 890 Fulvius
477 823 684 890 consuleris.»
701 821 787 888 Idem
800 821 841 887 ad
853 821 931 901 Ata,
989 821 1063 904 quid
1074 822 1220 904 copitar.»

787 1072 1050 1148 APPENDIX
1080 1075 1141 1145 lV.

137 1242 228 1323 225.
258 1242 435 1322 Verbum
450 1242 603 1348 plurale
617 1239 848 1322 nobiliorem
863 1266 1069 1348 personam
1083 1240 1268 1348 sequitur.

136 1367 264 1450 Prima
284 1366 451 1448 nobilior
470 1373 526 1447 est
546 1392 662 1474 quam
684 1365 852 1448 secunda
873 1374 912 1447 et
931 1365 1056 1447 tertia.
1079 1366 1259 1448 Secunda
1277 1365 1399 1447 tertiae
1419 1365 1680 1472 anteponitur.
1704 1365 1835 1448 Cicero

91 1492 133 1578 td
151 1491 393 1593 Terentiam,
412 1491 570 1592 Famil.‚
593 1492 620 1571 l.
645 1492 746 1592 XIV,
764 1518 828 1599 ep.
846 1492 885 1594 5,
907 1493 923 1570 l
946 1522 955 1572 :
978 1490 1053 1574 «Si
1067 1502 1111 1572 to
1125 1500 1164 1572 et
1178 1488 1319 1590 Tullia,
1343 1489 1410 1571 lux
1431 1498 1572 1590 nostra,
1593 1493 1745 1591 solatri,
1768 1517 1835 1597 epo

91 1627 125 1702 et
141 1617 388 1701 merissimus
407 1617 540 1700 Cicero
558 1618 740 1700 vaticanus⁰
755 1649 777 1691 a

124 1869 178 1933 llic
199 1875 328 1933 utuntur
344 1867 501 1934 interdum
521 1872 659 1932 emtores
676 1885 806 1932 numero
829 1867 932 1948 singu·
1159 1832 1161 1838 Ι
1253 1946 1259 1960 ·
1348 1899 1457 1918 ·····
1472 1862 1695 1917 otnutmornue

89 1965 149 2046 lrrl,
170 1967 226 2031 setl
242 1967 349 2031 rarius.
369 1965 487 2044 Cicero,
504 1983 562 2050 pro
580 1964 683 2028 Rablr.
705 1964 823 2044 Posth„
848 1983 877 2030 c.
896 1970 929 2045 6,
1049 1945 1149 2012 'llll‘
1163 1951 1191 1999 ⁶²
1206 1945 1291 2000 Μ’*
1304 1959 1416 2000 mm·

90 2067 146 2130 ta:
173 2064 284 2130 ellam
305 2083 404 2147 quum
407 2110 468 2127 .....
497 2063 664 2128 existerent
685 2062 852 2142 nonnulle,
874 2063 930 2128 aed

90 2181 243 2246 perpauca
256 2171 360 2227 tamen
374 2163 491 2228 acerba
507 2161 676 2244 sententia,
691 2181 760 2246 qua
770 2168 930 2225 censerent

91 2261 274 2340 attritum,
301 2268 337 2325 ut
357 2259 509 2344 protecti,
534 2268 569 2324 ut
596 2260 718 2340 scribae,
744 2265 780 2324 ut
803 2258 930 2323 comites

90 2377 189 2424 omnes
208 2360 443 2440 magistratuum
463 2359 534 2440 lege
558 2359 615 2423 hac
634 2365 833 2440 tenerentur3
857 2375 927 2435 vos,

90 2477 145 2537 roa,
164 2460 303 2542 inquam,
322 2458 391 2541 ipsi,
412 2464 443 2522 et
460 2457 589 2523 Senatus
610 2457 758 2542 trequens
772 2457 924 2520 restitit.»

90 2553 164 2620 idem
182 2557 213 2620 in
232 2555 321 2636 Sall,
342 2575 370 2620 c.
386 2560 417 2635 3,
430 2560 469 2621 to
485 2576 493 2621 t
512 2555 599 2631 «Qui
619 2556 695 2620 mihi
717 2555 790 2633 dies,
807 2555 833 2618 si
855 2572 928 2620 cum

89 2655 164 2719 omni
181 2655 298 2739 reliqua
317 2655 379 2719 vita
393 2654 580 2735 conteratur,
598 2655 701 2721 animo
715 2653 842 2738 quidem
856 2673 928 2718 meo

89 2761 220 2836 snperet;
244 2773 316 2819 cum
336 2754 467 2820 universi
487 2772 541 2818 vos
562 2754 756 2838 populusque
771 2752 928 2819 Romanus

89 2849 224 2936 frequens
234 2853 367 2919 adventu
380 2872 453 2918 meo
466 2854 639 2936 protelatae
651 2861 739 2917 est.»

121 2951 238 3031 Poste,
263 2952 358 3016 etiam
376 2952 586 3016 intercedente
608 2950 820 3035 propositione
843 2971 925 3032 nen,
984 2972 1122 3052 Ovidius,
1135 2973 1215 3040 past·
1227 2971 1251 3053 1,
1268 2993 1297 3038 v,
1313 2975 1375 3039 lt:

88 3049 204 3115 verbum
211 3050 416 3130 multitudinis
423 3050 623 3135 praestantiori
631 3067 769 3134 persone
782 3049 924 3114 reddunt.

88 3147 232 3232 Virgilius,
246 3149 319 3215 AEn.
334 3149 370 3221 ll,
386 3169 415 3213 v.
432 3151 492 3212 434
506 3168 515 3214 :
1046 3164 1085 3215 ‘lu
1099 3175 1204 3230 quoque
1217 3176 1276 3217 curn
1290 3163 1373 3216 Druso
1385 3163 1490 3230 premia
1503 3161 1582 3216 tratre
1595 3161 1672 3230 {eren

987 2119 1130 2186 Oratores
1149 2138 1223 2184 aero
1240 2119 1368 2184 verbum
1384 2118 1572 2185 nominativo
1584 2119 1729 2199 reddunt,
1747 2120 1835 2187 nulla

986 2220 1090 2285 habita
1117 2219 1234 2285 ratione
1260 2217 1392 2282 ablativi.
1420 2217 1525 2282 Cicero
1552 2217 1592 2282 ad
1618 2218 1702 2298 nte,
1730 2218 1752 2298 l.¹
1780 2219 1832 2304 lll,

986 2338 1037 2402 ep.
1052 2323 1083 2398 8,
1102 2323 1147 2382 t:
1167 2319 1297 2401 «Atque
1318 2317 1433 2380 utinam
1449 2316 1513 2397 iam
1532 2321 1606 2380 ante
1622 2317 1758 2398 ndimaa,
1773 2338 1832 2386 nec

984 2424 1084 2482 totum
1106 2417 1244 2493 animum
1261 2422 1353 2480 tuum
1370 2415 1492 2479 moerori
1513 2433 1638 2480 mecum
1657 2415 1800 2482 dedoces!
1810 2440 1828 2480 a

986 2517 1075 2593 Quod
1098 2517 1181 2580 idem
1204 2522 1237 2581 et
1257 2520 1358 2598 poetae
1382 2513 1508 2578 faciunt.
1536 2512 1676 2580 Horatius
1702 2516 1734 2581 in
1758 2517 1831 2582 Arta

985 2621 1082 2699 poet,
1097 2634 1127 2678 v.
1143 2616 1227 2680 eta:

1047 2804 1096 2869 iu,
1106 2802 1169 2870 quid
1179 2815 1228 2868 ego
1236 2803 1383 2870 atpoputua
1391 2814 1492 2856 mecum
1500 2801 1638 2868 ἀπίασι-ιι,
1650 2802 1720 2856 audt.

133 3379 303 3459 Verbum
329 3377 535 3484 personale
556 3372 699 3455 infiniti
722 3371 827 3453 modi
848 3372 1017 3479 postulat
1039 3377 1129 3453 ante
1153 3396 1193 3452 se
1217 3372 1423 3454 accusandi
1446 3398 1594 3454 casum.
1622 3370 1754 3454 Cicero
1779 3369 1827 3452 ad

90 3503 180 3603 lta,
202 3503 229 3583 l.
254 3503 340 3604 XV,
365 3528 428 3611 ep.
453 3502 493 3603 9,
516 3501 540 3583 2
563 3531 612 3582 2«
630 3499 746 3581 Hune
766 3497 923 3604 quidem
942 3499 1115 3578 namium
1134 3495 1207 3579 cito
1228 3497 1423 3581 transiisse
1443 3499 1601 3582 laetor.»
1623 3496 1827 3581 Terentius

88 3623 125 3706 in
139 3627 341 3735 Adelphis,
359 3635 435 3709 act.
451 3630 482 3729 l,
507 3652 561 3708 sc.
583 3627 620 3727 l,
635 3651 673 3705 v.
691 3626 741 3706 80
758 3655 785 3704 :-

516 3861 523 3877 .
549 3861 557 3878 .
582 3860 592 3878 .
613 3811 741 3876 Salvum
755 3820 784 3877 te
796 3811 949 3889 advenire,
964 3809 1092 3888 llenrea,

474 3912 701 3977 (laudemus...

447 4279 522 4362 DE
563 4279 897 4364 ADJECTlVIS
933 4280 1003 4362 ET
1039 4274 1453 4362 SUBSTANTlVlS

133 4547 218 4628 336.
249 4545 421 4629 Nomina
434 4546 640 4656 adjectiva,
657 4547 890 4657 pronomina
900 4554 938 4628 et
949 4543 1152 4654 participia
1164 4544 1359 4626 cohaerent
1371 4569 1460 4625 cum
1475 4542 1552 4623 suis
1564 4539 1822 4640 substantivis,

90 4695 232 4778 genere,
254 4698 419 4754 numero
438 4680 479 4754 et
497 4699 602 4755 casu.

134 4797 281 4898 Cicero,
297 4798 412 4879 Verr.
437 4806 513 4880 act.
537 4800 584 4901 ll,
605 4798 633 4879 l.
655 4798 722 4900 lV,
739 4825 775 4879 c.
793 4798 859 4899 40,
878 4799 928 4878 86
946 4827 955 4877 :
979 4797 1107 4876 «Erat
1129 4799 1250 4876 tiemo
1266 4822 1432 4897 mmma,
1448 4806 1653 4902 tempestas
1667 4797 1822 4900 perfet-

89 4923 176 5024 qido,
189 4925 308 5004 scaber
320 4928 529 5005 mnct'mua.
544 4957 566 5001 n
583 4924 789 5006 Terentius
800 4923 841 5004 in
854 4920 1059 5022 Eunucho,
1075 4929 1150 5003 act.
1168 4922 1233 5023 lV,
1251 4947 1304 5003 sc.
1323 4921 1361 5020 3,
1376 4947 1415 5001 v.
1433 4919 1509 5000 660
1527 4952 1536 5001 z

473 5111 532 5177 Itte
545 5117 649 5176 autem
663 5111 751 5175 mnes
764 5113 813 5174 ot'r
824 5128 976 5194 nusquam
989 5115 1126 5192 apparet.

91 5288 240 5394 Curtius,
268 5293 296 5374 l.
324 5295 391 5395 Vl,
418 5319 454 5374 c.
482 5294 522 5396 3,
554 5296 595 5374 ll
631 5326 639 5374 :
671 5325 693 5369 «
720 5295 851 5374 Paroa
876 5317 975 5398 sape
1001 5293 1167 5372 nonullo
1192 5303 1404 5397 contempta
1429 5315 1614 5395 mannum
1639 5287 1820 5370 excitavit

91 5417 300 5499 mnam.
