4708 6166
740 679 785 730 DE
813 677 977 732 NOMINUM
1005 674 1276 728 nucttuavtotttt.

749 789 756 822 l

126 933 241 1015 Nom.
326 937 480 1036 Breves,
607 937 752 1018 brevia.

127 1058 216 1141 deri.
327 1061 520 1143 Brevium.

126 1185 214 1267 liat.
327 1186 525 1268 Brevihus.

162 1344 194 1407 si
219 1345 407 1427 adiectivum
435 1366 550 1411 nomen
577 1349 655 1412 duas
677 1348 817 1412 habuerit
843 1347 977 1425 lormas,

124 1444 206 1526 prior
219 1444 278 1507 erit
291 1445 411 1526 generis
426 1447 611 1524 communis,
620 1447 769 1530 posterior
783 1447 896 1510 neutri.

162 1541 319 1607 Nonnulla
333 1561 351 1606 o
363 1545 509 1626 proximis
527 1546 620 1609 etiam
641 1545 703 1607 huc
720 1551 872 1627 spectant,
886 1551 919 1607 ut
932 1546 979 1608 liic

1 1677 2 1710 r
125 1647 155 1704 ct
166 1641 230 1706 lroec
246 1641 365 1721 uicaria
379 1649 410 1706 at
423 1643 476 1708 icoc
485 1645 606 1724 ulocre;
617 1643 737 1707 celebris
750 1649 781 1705 ct
792 1642 921 1721 celebre,
934 1663 980 1706 sa·

1 1803 2 1830 3
125 1737 217 1802 ludria
230 1739 402 1804 ctauluhre.
501 1775 505 1792 ·

1 1951 2 1958 Ν
175 1867 305 1967 Fauii,
329 1891 475 1950 nomen
496 1868 745 1976 adjectivum,
764 1862 1034 1946 declinationis
1056 1864 1190 1965 tertiae,
1213 1864 1368 1972 generis
1382 1862 1522 1960 omnis,
1541 1861 1696 1943 numeri
1717 1861 1888 1969 singula·

1 1975 2 2056 3
125 1991 191 2093 ris,
209 1991 265 2074 sie
280 1993 566 2077 declinabitur:

865 809 997 872 Numero
1014 808 1143 892 plurali.

1037 938 1126 1016 Ace.
1236 935 1388 1033 Brevcs,
1518 928 1664 1011 brevia.

1041 1061 1128 1140 Voc.
1187 1061 1390 1159 oBrcves,
1470 1055 1664 1137 obrevia.

1037 1188 1121 1268 All.
1188 1213 1211 1266 a
1237 1184 1436 1267 Brevibus

1078 1345 1195 1410 Eodem
1214 1345 1309 1410 modo
1327 1345 1519 1409 declinantur
1536 1343 1654 1406 breuior
1667 1347 1700 1405 at
1711 1340 1838 1420 irenica,
1860 1345 1892 1406 et

1038 1444 1095 1507 alia
1115 1445 1255 1525 ejusdem
1275 1442 1382 1507 formae
1406 1441 1622 1524 comparativa,
1637 1459 1705 1524 quae
1724 1458 1805 1522 pene
1819 1447 1893 1504 sunt

1038 1542 1165 1605 infinita.

845 2125 977 2188 Numero
996 2125 1156 2205 aiapulari.

445 2257 560 2335 Nom.
593 2255 671 2354 hic,
702 2254 863 2353 ethaeo,
895 2265 932 2332 et
957 2251 1030 2333 hoc
1109 2248 1233 2350 Felix,

447 2379 540 2460 Gerr.

443 2505 534 2584 Dat.
562 2529 573 2554 ·

446 2632 536 2710 Aac.

437 2745 439 2750 ¹
457 2756 541 2836 Voc.

446 2880 531 2959 Adi.

1109 2373 1262 2456 Felicis.

1112 2497 1246 2581 Felici.

1111 2625 1295 2724 Felicem,

1060 2779 1083 2833 o
1111 2750 1232 2832 Felix.
1259 2845 1262 2856 Ι

1059 2905 1082 2958 a
1109 2877 1237 2959 Felice
1264 2881 1326 2958 ccl
1353 2876 1471 2960 lelici.

1505 2624 1609 2707 felix.

861 3039 992 3106 Numero
1007 3039 1139 3122 plurali.

443 3167 560 3247 Nom.

445 3290 537 3373 (ica.

443 3415 535 3497 Dat.
574 3407 581 3420 ’

444 3543 533 3621 Aac.

455 3665 539 3746 Voc.

444 3790 528 3870 ΑΜ.

163 3933 194 3999 Si
213 3955 328 4002 nornen
358 3939 544 4021 adjectivum
571 3960 664 4007 unam
690 3949 808 4008 tantum
835 3943 976 4008 habuerit

124 4031 264 4112 formam,
276 4039 335 4101 erit
345 4037 445 4102 omnis
457 4041 590 4121 generis.

161 4137 344 4203 ldisceantur
353 4158 577 4224 nonnunquam
587 4161 695 4207 ornnes
703 4145 828 4226 gradm,
838 4150 872 4208 ut
884 4147 974 4227 felic,

124 4235 252 4316 felicior,
265 4237 450 4319 selumimus
463 4260 475 4302 .·
487 4240 530 4304 sic
544 4241 627 4304 enim
641 4241 676 4304 lit
689 4243 793 4324 lingua
803 4245 931 4328 celerior
945 4253 975 4308 ct

125 4335 330 4416 exercitatior3
350 4337 391 4400 ita
412 4343 516 4401 umen
530 4345 565 4402 ut
582 4358 654 4403 cum
669 4339 773 4423 aliquo
786 4341 974 4407 substantivo

125 4436 336 4515 conjungatur.

221 4620 315 4684 Poeta
326 4621 428 4701 donau,
441 4627 558 4701 melior,
574 4629 710 4709 optimus.

220 4719 336 4783 Scurra
346 4723 454 4801 indua,
461 4725 563 4806 pq'or,
571 4727 723 4806 pessimus.

213 4817 343 4900 'Dipitas
351 4840 477 4902 paruus,
491 4823 600 4902 minor,
615 4826 760 4889 minimas.

226 4915 281 4979 Vir
291 4937 426 4998 moparu,
445 4921 555 5002 niujor,
572 4923 730 4986 mucimus.

222 5113 254 5176 F
254 5115 347 5190 acilii,
361 5116 495 5198 facilior,
512 5118 685 5198 facillimus.

222 5211 377 5296 Difficilis,
391 5212 560 5296 difficilior,
583 5214 791 5299 difficillimus.

223 5309 365 5390 flamna,
376 5311 533 5391 ltmilior,
541 5313 733 5378 lurnillimus.

225 5408 355 5484 Similia,
367 5411 504 5490 similior,
523 5413 700 5478 simillimus.

223 5504 393 5586 Dtbtmilis,
406 5507 591 5587 dissimilior,
604 5508 826 5576 immittimus.

1109 3165 1271 3264 FeliceS,
1504 3164 1643 3245 lelicia.

1109 3289 1311 3372 Felicium.

1104 3415 1311 3498 Felicibus

1103 3540 1263 3640 Felices,

1052 3695 1073 3748 o
1102 3666 1262 3764 Felices,

1055 3820 1077 3873 a
1104 3793 1309 3874 Felicibus.

1074 3945 1149 4006 Crini
1163 3951 1266 4008 sextus
1278 3963 1365 4008 casus
1378 3943 1538 4007 nominum
1547 3963 1616 4026 quae
1625 3943 1718 4006 litoris
1728 3964 1748 4004 a
1758 3949 1790 4007 et
1802 3964 1816 4005 s
1828 3951 1887 4009 ter-

1034 4043 1198 4120 minantur,
1212 4044 1242 4105 in
1255 4063 1282 4120 e,
1295 4049 1329 4105 ut
1351 4042 1472 4105 Venius
1495 4041 1634 4120 Flaccus,
1652 4049 1760 4106 auctor
1774 4043 1887 4124 gravis-

1032 4143 1139 4222 simus,
1154 4145 1246 4208 docet
1265 4144 1358 4226 (apud
1378 4142 1559 4218 Charisium,
1582 4143 1604 4205 l.
1623 4142 1648 4220 l,
1670 4161 1702 4224 p.
1719 4147 1804 4221 lul),
1821 4141 1886 4207 lere

1034 4249 1137 4322 creat3
1158 4261 1292 4324 cumque
1309 4241 1460 4322 genitivus
1482 4241 1685 4304 multitudinis
1705 4242 1885 4304 eorumdem

1034 4340 1193 4402 nominum
1212 4359 1279 4403 raro
1301 4339 1340 4402 ub
1365 4339 1536 4402 oratoribus
1555 4338 1754 4403 imminuatur
1764 4357 1774 4416 3
1794 4339 1886 4421 siqui-

1033 4438 1105 4502 dem
1117 4439 1316 4520 dilr'peaticru,
1327 4439 1517 4518 elepaatiam,
1529 4438 1705 4518 inperitiam,
1719 4444 1751 4500 et
1764 4438 1839 4500 alios
1854 4439 1885 4500 id

1034 4536 1152 4616 generis
1166 4555 1263 4612 casus,
1279 4537 1396 4618 plenos,
1408 4553 1470 4597 non
1488 4535 1677 4612 imminutos,
1696 4535 1883 4615 diliperrtam,

1032 4635 1211 4715 elepoaturn,
1222 4641 1296 4712 etc,
1312 4633 1410 4696 ferme
1424 4639 1573 4714 usurpant
1583 4651 1593 4713 3
1614 4633 1645 4696 in
1664 4633 1770 4697 locum
1787 4633 1885 4696 nomi-

1035 4732 1080 4795 nis
1102 4733 1233 4816 prcdcns
1257 4732 1467 4796 substituimus
1488 4733 1579 4813 felia,
1601 4749 1640 4794 ne
1663 4731 1809 4813 imperitis
1832 4749 1885 4794 cr-

1033 4832 1119 4894 randi
1133 4849 1237 4894 ansam
1247 4831 1399 4894 daremus.
1411 4830 1479 4893 Non
1493 4847 1642 4911 negamus
1652 4847 1717 4894 esse
1731 4829 1882 4910 quaedam,

1033 4948 1163 5012 quornm
1179 4929 1327 4992 ablativus
1340 4929 1433 4991 etiam
1446 4929 1459 4989 i
1470 4928 1555 4991 litera
1567 4927 1701 5005 liniatur,
1711 4927 1884 5008 cujusmodi

1032 5036 1103 5091 sunt
1128 5029 1241 5109 inperat,
1269 5047 1379 5104 reseras,
1405 5026 1571 5104 velamina·
1594 5027 1633 5090 de
1657 5026 1769 5107 quibus
1792 5032 1884 5107 atqua

1033 5127 1207 5208 participiis,
1221 5145 1289 5208 quae
1304 5124 1442 5204 ejusdem
1456 5132 1528 5187 sunt
1538 5123 1707 5206 positionis,
1718 5123 1814 5186 lusius
1828 5143 1884 5188 suo

1032 5225 1102 5288 loco
1115 5225 1255 5287 diximus.
1273 5223 1351 5286 Hinc
1365 5222 1445 5284 euim
1464 5228 1586 5284 tantum
1605 5222 1692 5285 nobis
1711 5223 1885 5285 admonen-

1034 5324 1092 5388 dus
1106 5323 1164 5386 luit
1182 5321 1280 5386 lector
1295 5321 1334 5384 da
1348 5319 1406 5384 hac
1420 5322 1632 5404 exemplorum
1644 5321 1882 5402 permutatione.

1033 5419 1126 5483 Felix
1148 5421 1179 5482 in
1200 5419 1304 5502 primis
1325 5419 1453 5501 placuit,
1467 5419 1552 5501 quod
1568 5437 1607 5482 eo
1624 5417 1799 5496 Diomedes,
1818 5421 1840 5482 l.
1856 5417 1884 5497 l,

1034 5537 1065 5600 p.
1081 5520 1154 5599 2¹18,
1161 5523 1192 5582 et
1203 5517 1351 5595 Donatus,
1363 5515 1390 5579 ll
1403 5517 1491 5597 edit,
1505 5536 1537 5599 p.
1552 5519 1644 5598 lllti,
1657 5517 1704 5582 usi
1717 5515 1842 5581 luerint.

1502 3540 1642 3621 felicia.

1449 3694 1471 3747 o
1501 3665 1642 3747 felicia.
