4616 6160
581 512 642 565 'nn
662 511 945 565 consrnuorromr
967 511 1177 568 rnlusrrrva
1197 519 1355 573 neumis.
1777 494 1853 572 255

146 642 226 720 Usus,
239 643 683 725 cumoptcsignilicat,eodem
694 643 789 708 modo
802 643 949 708 loreoon·
1009 664 1065 728 pro
1089 647 1168 732 Opus
1192 659 1235 714 est
1259 653 1373 718 domine
1394 661 1502 733 astuto,
1527 659 1588 717 eto.
1612 651 1717 730 ldcm,
1744 652 1854 730 Persa,

111 740 234 804 struitur.
248 739 366 816 Plaut.‚
381 740 468 804 Asin.
484 749 545 806 aot.
559 741 585 820 l,
599 762 643 806 sc.
660 747 690 820 1,
705 761 736 804 v.
752 744 792 804 76
807 759 815 805 :
1009 753 1068 808 act.
1080 746 1121 826 ll,
1131 767 1176 813 sc.
1188 754 1218 826 5,
1235 769 1265 814 v.
1279 753 1318 813 tt
1336 775 1343 816 :

163 922 319 988 Vigintljam
332 935 397 974 taus
409 929 451 975 est
463 923 516 976 lllio
530 925 630 990 argenti
644 925 735 976 minis.
1072 957 1112 1010 Ad
1126 971 1183 1010 eam
1196 971 1253 1011 rem
1263 973 1328 1012 mm
1340 966 1380 1012 est
1388 966 1434 1012 ma
1447 959 1511 1011 mihi
1526 973 1618 1026 opom-

111 1085 253 1168 ffigffius’
268 1085 340 1150 AEn'
353 1086 433 1165 Μ’
447 1107 477 1150 v'
493 1089 550 1152 m
567 1107 576 1152 ²
1010 1141 1128 1223 Cicero,
1147 1145 1286 1227 Tuscul,
1301 1147 1324 1212 l.
1339 1147 1392 1227 lV,
1412 1167 1441 1213 6.
1461 1152 1491 1227 3,
1512 1151 1542 1226 5,
1562 1168 1630 1211 usta
1647 1167 1704 1231 pro
1716 1169 1788 1230 opta
1800 1149 1859 1212 uti·

165 1257 240 1308 Arma
254 1257 438 1310 nonfacienda
451 1257 508 1309 viro
523 1270 531 1308 ε
547 1271 617 1310 nunc
631 1257 736 1310 viribus
748 1271 823 1321 taus,
1011 1249 1072 1321 tur,
1083 1244 1139 1308 sed
1149 1245 1214 1310 sine
1230 1265 1303 1312 cusu
1317 1270 1324 1311 :
1346 1272 1360 1308 o
1374 1247 1419 1312 De
1432 1248 1551 1312 caeteris
1559 1247 1666 1311 studiis
1674 1247 1734 1312 allo
1743 1248 1814 1312 loco
1828 1255 1860 1312 et

167 1336 376 1389 sanemarium
391 1337 500 1403 raptura.
1010 1337 1158 1414 dicemus,
1177 1344 1202 1407 si
1215 1345 1423 1409 occuluerit.»
1436 1345 1543 1428 ltaque
1556 1365 1624 1408 usus
1635 1365 1692 1429 pro
1705 1365 1776 1428 opus
1788 1365 1860 1409 cum

1010 1440 1141 1506 ablativo
1152 1443 1217 1507 lere
1230 1445 1313 1527 apud
1326 1451 1449 1526 poetas,
1463 1446 1595 1509 maxime
1604 1446 1751 1523 comicos,
1761 1445 1793 1508 in
1803 1464 1860 1509 usu

112 1489 215 1570 Plfflto
230 1489 345 1554 Pseud·
361 1495 421 1554 ⁸⁰¹·
438 1489 463 1569 I,
478 1509 521 1554 ⁸⁰·
537 1493 568 1570 3³
579 1508 608 1553 v·
622 1493 678 1554 ¹5¹
696 1513 704 1554 ²
1011 1544 1068 1603 est.
1083 1539 1222 1618 Terent,
1235 1541 1346 1625 Hecyr.
1362 1549 1423 1607 act.
1440 1542 1494 1622 lll,
1508 1563 1552 1608 sc.
1566 1547 1597 1622 1,
1611 1563 1642 1608 v.
1657 1547 1739 1608 327:

164 1666 202 1720 Ad
222 1681 281 1720 eam
301 1681 358 1720 rem
377 1681 444 1721 aaut
463 1675 505 1721 cst
524 1667 656 1720 bominem
673 1673 808 1734 astutum,
829 1668 953 1733 doctum,

165 1749 196 1800 Bt
207 1748 349 1814 callidum
843 1745 950 1814 [scitum
1075 1749 1132 1800 Non
1147 1763 1212 1802 usus
1222 1750 1293 1816 [octo
1307 1755 1348 1802 est
1358 1751 1422 1802 mlhl
1437 1765 1506 1804 nunc
1520 1753 1590 1805 hunc
1603 1752 1671 1806 intro
1684 1753 1770 1819 sequi.

158 1985 246 2064 263.
279 1983 481 2091 Adjeetiva
498 1981 726 2065 diversitatis
740 1990 779 2064 el
803 1982 1022 2065 numeralia
1042 1982 1186 2064 ordinis
1200 1983 1413 2065 ablativum
1435 2011 1526 2066 cnm
1548 1985 1817 2094 praeposilione
1840 2011 1865 2070 a

112 2108 471 2191 relodadmitlunl.
1190 2170 1193 2174 .

159 2235 306 2337 Cicero,
335 2234 457 2316 Acad.
479 2232 619 2335 Prion,
643 2233 672 2314 l.
696 2235 742 2320 ΙΙ,
767 2259 803 2314 6.
828 2232 893 2334 32,
923 2232 993 2312 101
1023 2265 1032 2314 z
1060 2265 1081 2308 a
1103 2235 1214 2315 Certa
1233 2234 1351 2343 igitur
1373 2261 1463 2316 cum
1485 2234 1555 2328 illo
1577 2235 1642 2342 qui
1662 2264 1687 2318 a
1707 2250 1743 2320 te
1764 2245 1865 2320 totus

112 2361 274 2442 merea
287 2368 360 2443 est.
377 2393 399 2436 »
419 2359 525 2440 ldem
543 2358 591 2439 ad
604 2361 707 2458 nu,
719 2358 746 2438 l.
765 2358 868 2458 XVl,
890 2384 953 2465 ep.
977 2357 1017 2459 3,
1034 2359 1059 2436 d
1079 2390 1088 2437 :
1112 2359 1410 2468 «Navigationis
1423 2361 1536 2442 labor
1554 2364 1706 2443 alicnus
1720 2391 1799 2446 non
1819 2367 1865 2446 ab

112 2499 215 2568 atate
233 2487 361 2568 solum
381 2491 526 2576 nostra,
545 2517 567 2559 »
585 2483 709 2584 ldem,
731 2482 852 2565 Acad.
870 2483 1011 2585 Prior.,
1029 2484 1058 2564 l.
1075 2485 1122 2585 ll,
1140 2510 1175 2565 c.
1194 2486 1233 2585 6,
1257 2485 1305 2563 16
1323 2517 1332 2565 :
1357 2488 1481 2567 «Post
1497 2495 1627 2570 autem
1647 2487 1825 2572 conlecta
1844 2519 1867 2572 a

113 2611 318 2714 Carneade,
341 2610 406 2718 qui
425 2617 482 2692 est
502 2621 663 2716 quartus
681 2609 727 2689 ob
746 2610 929 2691 Arcem'la.
946 2643 967 2686 a
987 2607 1149 2710 Hirtius,
1167 2609 1214 2692 de
1230 2609 1338 2691 Bello
1354 2612 1487 2714 Alex„
1503 2640 1541 2695 c.
1561 2615 1611 2694 oo
1630 2646 1639 2695 :
1663 2647 1684 2690 «
1698 2615 1866 2723 lmperio

112 2746 145 2819 el
158 2738 334 2848 potentia
345 2739 539 2819 secundus
549 2762 574 2816 o
585 2761 692 2842 repe.
707 2767 729 2811 »

147 2981 267 3045 Alienus
292 2979 386 3043 etiam
411 2976 547 3059 genitivo
570 2981 603 3040 et
626 2973 731 3040 dativo
750 2976 959 3058 coniungitur.
1017 2993 1076 3040 nec
1091 2976 1189 3039 alienu
1201 2975 1319 3040 coaa'lii
1329 2981 1455 3059 propter
1472 2977 1729 3062 Semproniam.»
1748 2982 1867 3063 Cicero,

111 3077 224 3156 (icero,
244 3077 284 3142 de
304 3077 387 3155 rin,
409 3076 431 3138 1.
454 3074 479 3153 l,
503 3095 532 3138 c.
554 3079 585 3152 1,
608 3079 644 3137 11
668 3091 677 3136 2
701 3095 717 3134 u
738 3073 812 3148 Quis
831 3074 960 3137 alienum
1017 3092 1074 3157 pro
1090 3074 1215 3153 Credin„
1230 3095 1259 3139 c.
1280 3079 1315 3153 9,
1330 3078 1371 3139 ut
1390 3099 1398 3139 z
1418 3099 1434 3136 c
1452 3076 1541 3150 Quod
1556 3078 1607 3140 itti
1624 3098 1718 3144 conse
1735 3081 1868 3147 maxime

111 3183 193 3258 putet
204 3178 272 3258 ejus
286 3193 354 3239 esse
367 3173 541 3256 dimicatus,
557 3189 651 3254 quam
665 3169 739 3234 mihi
757 3170 889 3254 quisque
906 3171 960 3234 tri·
1017 3173 1211 3239 estalienum.
1223 3196 1238 3234 n
1252 3173 1468 3251 Quintilianus,
1480 3176 1502 3239 l.
1514 3174 1539 3254 l,
1551 3177 1712 3258 prooemio,
1724 3183 1742 3243 5
1755 3199 1764 3243 :
1776 3203 1791 3241 o
1801 3181 1868 3262 Ego

111 3273 216 3338 buitta
233 3271 397 3338 Sallustius
407 3271 439 3335 in
454 3270 555 3345 Catil,
570 3288 599 3334 6.
614 3272 655 3333 16
670 3287 678 3331 :
693 3293 709 3331 r
723 3269 778 3332 llle
792 3289 847 3334 eos
859 3271 891 3333 in
904 3269 959 3333 do
1017 3289 1089 3334 cum
1100 3270 1175 3333 nihil
1189 3271 1362 3336 existimem
1376 3274 1441 3335 arti
1452 3275 1592 3339 oratoriae
1605 3275 1752 3340 alienum.
1768 3298 1783 3336 a
1801 3275 1869 3340 Usi·

111 3392 191 3438 mum
204 3374 241 3440 [t.
255 3372 343 3438 Bruti
355 3369 510 3456 perducit,
523 3369 609 3453 quod
619 3368 686 3433 loro
696 3368 871 3452 propinqua
881 3373 958 3446 erat,
1016 3369 1108 3434 tatius
1119 3375 1226 3435 temen
1237 3370 1370 3436 ablativo
1381 3372 1529 3454 jungitur.

160 3629 251 3710 264.
282 3628 395 3727 Item,
410 3651 582 3726 accurata,
598 3624 710 3726 liber,
727 3649 883 3726 vacuus,
898 3651 1038 3730 purus,
1055 3625 1196 3726 nudos,
1215 3629 1336 3733 cleopa,
1351 3626 1477 3727 orbas,
1495 3637 1676 3708 extorris.

160 3754 315 3854 Cicero,
337 3752 377 3832 in
394 3753 575 3852 Verrem,
598 3758 673 3833 acl.
692 3753 740 3851 ll,
758 3751 788 3832 l.
804 3753 870 3853 lV,
889 3777 925 3832 c.
946 3751 1011 3852 10,
1028 3751 1077 3834 23
1097 3783 1106 3832 :
1129 3785 1151 3827 «
1170 3751 1239 3833 His
1258 3751 1416 3858 quidem
1439 3753 1678 3861 temporibus
1697 3754 1738 3834 in
1758 3750 1868 3837 omni

111 3879 198 3962 orbe
220 3888 412 3961 terrarum
433 3883 559 3978 uacui,
584 3889 774 3983 supertes,
796 3879 914 3958 soluti
929 3904 974 3959 ac
994 3877 1104 3958 lebera·
1121 3877 1280 3958 luerunt
1300 3879 1345 3957 ob
1365 3884 1474 3958 omni
1488 3892 1658 3985 sumptu,
1677 3883 1866 3980 molestia,

111 4031 280 4088 emanere.
297 4037 319 4080 »
338 4004 459 4104 ldem,
474 4029 544 4110 pro
558 4005 680 4084 Domo
696 4030 777 4104 sua,
791 4030 826 4085 6.
846 4005 911 4106 22,
929 4005 979 4082 58
996 4035 1005 4083 :
1029 4036 1050 4079 (ε
1061 4006 1157 4104 Tam
1173 4009 1283 4112 inops
1298 4013 1429 4086 autem
1445 4031 1517 4113 ego
1532 4031 1639 4087 eram
1653 4007 1869 4088 obamt'ct's?

113 4141 175 4213 aut
188 4133 295 4213 noda
309 4128 546 4240 Respublica
559 4155 584 4209 a
598 4130 910 4236 moqzstratibos?
923 4163 945 4205 »

147 4371 281 4453 Plinius,
301 4375 323 4439 l.
341 4371 476 4450 xxvltl,
492 4391 522 4437 c.
537 4375 588 4452 tn,
604 4378 619 4439 1
638 4395 645 4438 :
666 4395 682 4435 u
700 4367 801 4438 Pelles
823 4373 963 4455 ejusdem
1021 4373 1107 4436 da.»
1132 4373 1250 4454 Cicero,
1270 4391 1326 4455 pro
1344 4373 1467 4450 Flacco,
1483 4391 1512 4438 6.
1527 4379 1580 4452 23,
1594 4375 1657 4440 bd:
1678 4367 1813 4456 «Usque
1832 4392 1870 4439 6ο

112 4475 248 4540 animalis
274 4474 435 4538 substratae
461 4491 576 4536 securos
602 4478 748 4554 prmamnt
771 4472 807 4536 ab
829 4492 862 4536 eo
884 4480 964 4535 mem
1020 4471 1092 4535 orda
1113 4472 1171 4535 luit
1193 4472 1230 4536 nd
1251 4471 1442 4554 optimatibus
1462 4472 1524 4536 illa'
1538 4473 1661 4551 concio,
1677 4477 1713 4536 ut
1728 4472 1872 4554 princeps

112 4589 246 4640 somnos.
270 4593 286 4634 ι
311 4571 430 4650 Cicero,
456 4570 496 4634 de
519 4571 648 4652 nrmp,
669 4589 698 4636 cr
718 4575 750 4651 6,
772 4576 808 4634 ll
832 4594 841 4635 t
860 4570 963 4644 «Qua
1021 4570 1193 4653 principum
1209 4578 1289 4634 esset
1304 4569 1496 4634 llaeandrius.
1511 4592 1527 4631 r
1544 4570 1657 4649 livius,
1671 4571 1693 4636 l.
1709 4567 1748 4648 V,
1763 4588 1792 4633 6.
1807 4571 1870 4633 30:

112 4670 235 4736 tandem
249 4677 297 4734 est
317 4671 349 4733 in
360 4669 419 4733 hac
433 4668 510 4732 urbe
524 4674 611 4732 tantu
630 4666 743 4733 domus
763 4669 799 4732 ad
816 4671 875 4732 r'sta
893 4667 964 4732 reli·
1025 4667 1100 4731 «lle
1113 4669 1236 4732 exulem
1248 4675 1400 4731 entorrem
1413 4668 1564 4750 populum
1573 4667 1751 4731 Romanum
1765 4666 1800 4729 od
1812 4666 1872 4728 solo

111 4766 207 4848 sionis
218 4769 381 4852 nnpict'oae
398 4773 462 4831 tum
474 4785 567 4830 acrae
580 4772 674 4850 atque
687 4766 815 4849 purat»
832 4766 961 4846 Seneca,
1020 4767 1134 4847 patrio,
1152 4785 1189 4832 ac
1207 4767 1265 4831 diis
1280 4765 1447 4830 Penatibus
1466 4766 1497 4829 in
1513 4765 1649 4830 bostium
1670 4761 1780 4830 urbem
1799 4783 1875 4848 age*

113 4884 160 4949 ep.
175 4871 208 4946 1,
225 4871 241 4931 1
259 4890 268 4932 :
287 4889 303 4928 ι
321 4865 430 4930 llentis
443 4865 482 4929 ab
495 4863 580 4931 omni
597 4863 669 4929 labo
683 4883 772 4947 parc
786 4871 819 4930 et
831 4864 965 4949 splendi·
1020 4872 1125 4930 rent.»
