4630 6164
667 585 904 636 coasradcmo
925 586 1030 636 vanai
1050 585 1208 636 llllllbll'l'l.

672 885 956 964 GERUNDIA
996 884 1050 962 ΙΝ
1089 882 1212 962 DUM

120 1089 209 1166 355.
241 1086 446 1168 Gerundiis
458 1087 499 1166 in
513 1089 606 1166 dum
621 1096 900 1193 praeponuntur
914 1086 1203 1192 praepositiones
1215 1087 1278 1186 ed,
1296 1089 1352 1188 ob,
1372 1094 1487 1168 ieter.

120 1213 266 1314 Cicero,
286 1215 459 1312 Tuscul,
485 1215 512 1292 l.
536 1214 599 1314 lll,
617 1240 652 1293 c.
676 1215 715 1314 7,
740 1215 787 1292 45
814 1245 864 1292 :«
885 1214 1145 1292 Conturbatus
1167 1213 1318 1292 animus
1338 1239 1417 1293 non
1442 1220 1498 1293 est
1520 1216 1821 1317 aptuscdeesc-

78 1341 255 1444 parendum
271 1365 412 1418 munus
430 1365 558 1419 suum.
578 1371 600 1413 »
619 1339 742 1439 ldem,
759 1340 871 1419 Verr.
892 1348 966 1418 act.
986 1341 1032 1437 ll,
1051 1341 1079 1418 l.
1097 1342 1142 1439 ll,
1160 1366 1195 1419 c.
1214 1340 1278 1437 32,
1296 1341 1345 1416 78
1366 1373 1374 1418 :
1397 1372 1418 1414 c<
1432 1341 1580 1436 Quanto
1593 1339 1689 1419 illud
1704 1341 1828 1448 ssogi-

79 1464 207 1560 tiosius,
239 1463 470 1567 improbius,
500 1463 719 1570 indignius,
749 1490 838 1544 eum
864 1491 887 1543 a
910 1489 986 1569 que
1012 1464 1218 1568 pecuniam
1249 1465 1291 1543 ob
1318 1466 1588 1543 absolvendum
1619 1465 1829 1569 acceperis,

80 1589 351 1668 condemnare?
364 1621 385 1662 »
405 1587 717 1688 Livius,l.1l,c.
738 1588 814 1667 20:
839 1592 958 1693 «lpse
984 1593 1084 1667 cister
1104 1591 1350 1692 speliendum
1373 1617 1514 1694 corpus
1537 1589 1671 1688 hostiS,
1694 1598 1827 1669 veruto

80 1739 335 1816 percussus...-.
353 1713 455 1792 inter
468 1713 636 1817 primam
653 1712 896 1792 curationem
913 1713 1212 1818 exspiraverit.»

123 1839 363 1944 Praeponitur
376 1847 415 1919 et
430 1850 534 1936 ente,
552 1838 617 1917 sed
635 1837 769 1916 rarius.
785 1836 986 1944 Virgilius,
1006 1839 1145 1946 Georg.
1162 1840 1224 1929 111,
1242 1865 1280 1916 r.
1297 1838 1372 1916 206
1391 1870 1398 1916 :

629 2043 771 2058 .....
795 1996 937 2078 Namque
953 2009 1021 2058 ente
1035 1996 1214 2059 domandum

467 2095 609 2174 Ingentes
622 2095 733 2158 tollent
747 2095 877 2156 animos.

113 2254 282 2338 Praepositio
292 2257 343 2338 cd,
355 2278 427 2323 cum
441 2259 591 2338 gerundio
603 2259 635 2322 in
646 2259 727 2336 dam,
744 2257 923 2340 frequenter
981 2261 1026 2318 est
1043 2276 1061 2318 a
1077 2257 1167 2319 nimis
1180 2257 1318 2321 intuendo
1330 2259 1486 2338 fortunam
1500 2258 1639 2320 alterius.
1656 2280 1671 2317 n
1696 2258 1830 2334 Gellius,

81 2354 207 2432 sequitur
221 2356 312 2418 verba
326 2365 430 2418 motus.
448 2358 560 2434 Lirim,
582 2358 605 2418 l.
620 2356 656 2434 ll,
673 2376 701 2419 c.
719 2359 756 2418 ΙΙ
783 2375 790 2416 :
816 2355 923 2416 «Mit-
980 2355 1002 2416 l.
1024 2355 1132 2432 XVlll,
1158 2375 1186 2418 c.
1203 2359 1268 2419 15:
1294 2379 1309 2417 a
1332 2356 1429 2419 Varro
1454 2357 1484 2418 in
1505 2357 1587 2418 libris
1606 2356 1833 2437 disciplinarum

84 2455 139 2510 teat
159 2452 198 2513 cd
221 2462 320 2516 castra
341 2455 552 2536 oppugnando.
575 2477 590 2514 e
625 2454 744 2530 Cicero,
766 2453 805 2516 dc
824 2452 920 2530 Orat,
980 2452 1098 2534 scripsit
1113 2453 1288 2516 observasse
1311 2443 1357 2516 se'
1375 2453 1406 2516 in
1435 2472 1524 2516 versu
1541 2454 1727 2531 hexametro,
1750 2455 1834 2534 quod

82 2547 101 2608 Ι.
114 2548 161 2626 ΙΙΙ,
182 2571 211 2614 c.
227 2556 276 2630 33,
296 2556 377 2616 1363
397 2577 412 2614 o
434 2553 523 2616 Nunc
535 2560 639 2616 contra
654 2553 794 2634 plerique
809 2552 849 2613 ed
869 2551 924 2614 ho
982 2550 1066 2612 omni
1073 2551 1166 2613 modo
1175 2552 1300 2634 quintus
1309 2551 1445 2633 semipes
1454 2551 1582 2613 verbum
1591 2550 1700 2628 finiret,
1714 2553 1835 2633 etquod

84 2663 162 2711 nores
181 2650 383 2731 adipiscendos
406 2659 436 2715 et
459 2651 499 2713 ed
521 2651 742 2734 rempublicam
764 2649 924 2730 gerendam
981 2649 1097 2730 priores
1110 2649 1245 2732 quinque
1259 2650 1431 2731 semipedes
1444 2668 1530 2731 aeque
1545 2668 1689 2729 magnam
1703 2651 1765 2711 rim
1777 2650 1836 2712 ba-

84 2745 147 2808 nudi
166 2749 286 2810 veniunt
300 2755 393 2831 atque
413 2750 556 2812 inermes.
579 2773 594 2808 e
618 2785 659 2796 -
680 2747 755 2811 ltem
775 2747 925 2827 adjectiva
984 2747 1133 2809 berentic
1146 2748 1426 2829 efficiendoversam
1440 2751 1494 2827 (Ι),
1510 2755 1602 2829 atque
1625 2747 1674 2808 alii
1691 2749 1837 2828 peslerio

83 2842 180 2920 facilc,
191 2845 339 2927 difficilis,
354 2856 490 2927 paretes,
502 2856 670 2930 promptus,
682 2845 846 2927 expeditos,
864 2845 926 2906 ido·
982 2865 1031 2908 res
1049 2853 1178 2927 septem.
1199 2869 1214 2906 o
1239 2847 1317 2909 Sunt
1330 2854 1362 2908 et
1377 2847 1435 2909 alia
1454 2848 1523 2909 loca
1537 2867 1606 2929 quae
1620 2865 1658 2908 ex
1670 2847 1754 2910 libris
1770 2866 1836 2909 cor-

84 2957 153 3018 aeas,
167 2953 263 3024 cpms,
279 2947 388 3025 segnis,
401 2947 564 3021 vehemens,
581 2951 612 3006 et
623 2945 744 3006 similia.
760 2942 862 3022 ldem,
887 2944 925 3007 de
982 2945 1074 3006 rectis
1098 2944 1233 3014 intellexi
1258 2946 1424 3026 depravata
1453 2964 1530 3007 esse.
1560 2945 1669 3022 Livius,
1694 2946 1717 3007 l.
1736 2945 1831 3023 xxx,

85 3032 154 3114 lm,
168 3040 190 3102 Ι.
204 3039 228 3118 Ι,
245 3061 274 3104 c.
289 3047 337 3112 10,
356 3045 396 3104 34
413 3067 420 3104 :
440 3067 455 3102 o
475 3043 539 3106 Nec
555 3046 627 3120 (me)
644 3043 806 3123 sequiorem
822 3041 862 3102 ed
879 3061 926 3104 re·
984 3061 1012 3104 c.
1030 3045 1090 3104 13:
1110 3043 1251 3106 «Eadem
1262 3045 1329 3107 haec
1343 3051 1375 3107 et
1387 3044 1521 3125 Syphaci
1534 3045 1672 3106 animum
1685 3044 1837 3107 dederunt

84 3135 271 3212 spondendum
289 3139 460 3202 reddidisti.
480 3161 496 3199 a
521 3140 622 3219 ldem,
643 3159 699 3221 pro
719 3139 786 3219 lege
808 3139 923 3218 blanil.,
983 3140 1015 3200 io
1033 3141 1208 3222 alloquendo
1224 3144 1406 3231 dicteramo
1438 3143 1549 3204 Victore
1561 3143 1672 3222 legitur
1685 3143 1715 3203 in
1732 3161 1837 3205 corre-

85 3247 110 3291 c.
122 3235 152 3308 l,
172 3240 186 3296 l
207 3253 215 3295 :
235 3259 251 3296 o
272 3235 328 3300 Hic
339 3237 428 3300 locus
442 3237 482 3298 ad
495 3237 641 3318 agendam
662 3238 869 3318 amplissimos,
887 3235 926 3297 ed
984 3237 1052 3299 etis.
1067 3238 1184 3317 Cicero,
1195 3242 1271 3317 no,
1285 3240 1306 3302 1.
1323 3240 1376 3316 Vl,
1390 3259 1440 3320 ep.
1452 3243 1483 3317 6,
1499 3243 1517 3300 3
1535 3260 1542 3302 :
1562 3262 1576 3298 <r
1598 3240 1660 3302 Nos
1674 3240 1837 3321 provinciae

85 3327 223 3394 demeum
235 3336 437 3397 ornatissimus
452 3342 497 3398 est
510 3335 604 3398 risus.
621 3357 637 3394 a
983 3336 1175 3415 prefecimus
1190 3337 1315 3400 Ceelium
1322 3356 1332 3416 3
1354 3357 1503 3418 puerum,
1518 3339 1646 3420 inquieS,
1662 3345 1692 3400 et
1705 3339 1831 3400 fortasse

119 3425 267 3494 Gemndia
276 3433 306 3493 in
318 3433 356 3494 do
369 3441 400 3495 et
411 3433 493 3510 dem,
509 3433 621 3515 quibus
633 3431 807 3514 praepositio
818 3431 926 3511 adjnn-
971 3428 1102 3495 ‘fatuum
1105 3482 1164 3496 .....
1181 3434 1258 3497 Nam
1276 3456 1352 3517 quas
1369 3437 1467 3498 multo
1483 3443 1551 3498 ante
1568 3441 1637 3497 tuas
1656 3453 1835 3515 acceperam

86 3529 189 3604 caet,
204 3531 343 3611 quamvis
357 3550 426 3596 raro
441 3537 589 3613 sequatur
601 3549 698 3609 casus,
715 3528 861 3592 nonnulle
882 3537 926 3591 ta·
982 3527 1100 3607 literas,
1118 3532 1149 3593 in
1168 3533 1278 3613 quibus
1296 3535 1406 3614 ἐπέχειν
1422 3539 1453 3595 tc
1471 3534 1647 3614 scripseras,
1665 3533 1739 3612 quid
1759 3539 1838 3596 esset

86 3637 151 3683 men
171 3626 369 3706 subjiciemus
396 3630 548 3709 exempla.
573 3629 688 3707 Cicero,
712 3627 810 3705 Fam,
843 3626 864 3687 Ι.
887 3627 924 3703 V,
983 3626 1057 3687 mihi
1077 3627 1252 3691 laciendum
1274 3629 1551 3712 derelinquendo,
1576 3649 1620 3691 eae
1638 3648 1688 3691 me
1713 3649 1834 3711 punge-

86 3725 328 3806 epraezassgo
342 3723 923 3802 etmemorienostraeveterisamicitiae,
983 3721 1096 3787 bant.»
1114 3725 1244 3799 Quidam
1263 3730 1426 3810 depravate
1450 3730 1557 3808 legunt
1576 3746 1584 3788 :
1606 3728 1637 3788 in
1658 3728 1769 3809 quibus
1792 3729 1839 3790 in·

86 3823 113 3878 et
124 3819 228 3886 virtute
242 3831 334 3906 atque
349 3824 541 3888 observantie
555 3824 607 3885 filii
623 3823 667 3884 tui
682 3823 826 3900 monitus,
841 3822 925 3884 nullo
982 3823 1191 3904 tersoripseras
1208 3825 1245 3887 de
1262 3826 1454 3908 relinquendo
1471 3845 1506 3887 eo
1525 3844 1594 3905 quae
1611 3843 1661 3887 me
1680 3827 1840 3907 impugna·

85 3913 262 3999 locodeero,
275 3919 926 4004 nequeedcoaaoleadem,nequeodlevan-
982 3919 1068 3982 bant.
1090 3922 1187 4004 Leges
1212 3931 1243 3986 et
1266 3925 1348 4006 apud
1367 3923 1531 4002 Senecam,
1554 3924 1592 3986 de
1609 3923 1731 4000 Renes„
1751 3926 1773 3987 Ι.
1795 3925 1840 4015 ΙΙ,

86 4009 149 4074 daca
171 4019 325 4096 fortunam
347 4027 432 4082 tuam
457 4021 542 4097 (1).»
560 4019 671 4096 Livius,
695 4017 716 4080 l.
740 4016 789 4094 ΙΙΙ,
812 4036 840 4080 c.
864 4020 924 4079 aa:
983 4037 1011 4080 c.
1026 4023 1081 4098 18,
1095 4022 1134 4084 7:
1155 4045 1171 4082 a
1189 4022 1289 4085 Nemo
1303 4023 1333 4083 in
1348 4022 1380 4083 id
1393 4022 1557 4103 accipiendo
1575 4022 1737 4102 obligatur,
1754 4026 1840 4105 quod

90 4111 230 4196 «legati,
246 4118 286 4181 ad
310 4137 347 4181 ea
364 4135 433 4200 quae
447 4118 564 4180 consilii
580 4117 718 4194 fuerunt,
739 4117 819 4180 adeo
838 4134 926 4196 aeque
983 4117 1028 4182 illi
1044 4121 1205 4202 repudiare
1224 4138 1288 4184 non
1303 4121 1429 4183 licuit.»
1451 4121 1485 4182 ln
1505 4121 1656 4200 castigatis
1677 4145 1683 4183 :
1709 4122 1838 4186 «Nemo

86 4213 263 4294 postulastis,
277 4225 311 4280 ut
325 4215 679 4284 ultrovobisdcleronda
691 4215 820 4294 tuerint3
837 4214 928 4276 libcr—
984 4218 1066 4278 enim
1088 4218 1120 4280 id
1141 4219 1319 4300 accipiendo
1339 4219 1511 4298 obligatur,
1534 4225 1628 4281 etc.»
1651 4217 1757 4295 ldem,
1780 4219 1840 4281 llx-

86 4309 136 4370 tui
150 4313 229 4376 enim
249 4333 286 4377 ea
303 4315 444 4396 praesidia
458 4315 570 4396 petitis,
594 4333 656 4378 non
669 4314 800 4377 licentiae
820 4313 860 4375 ed
872 4313 926 4374 im·
984 4323 1086 4396 cerpta
1100 4323 1248 4394 controv,
1263 4317 1285 4379 l.
1301 4317 1338 4392 ll,
1351 4322 1392 4380 2:
1409 4317 1483 4379 «Ex
1499 4336 1562 4399 quo
1579 4325 1707 4398 apparet
1726 4317 1839 4380 sununi

84 4407 249 4483 meremor
264 4409 348 4472 elios.
364 4431 379 4468 s
397 4409 504 4486 Varro,
521 4410 560 4471 de
572 4408 618 4470 lle
632 4413 723 4485 rust,
738 4409 760 4469 l.
772 4406 823 4485 ΙΙΙ,
837 4426 866 4469 c.
881 4410 901 4469 9
918 4429 925 4468 :

92 4501 154 4564 «In
165 4505 349 4588 supponendo
364 4526 428 4584 oea,
441 4506 605 4569 observant
619 4513 653 4568 ut
664 4524 793 4568 numero
807 4505 928 4568 sintim-

87 4600 205 4678 pana.»
230 4603 359 4681 Plinius,
372 4605 393 4666 l.
409 4604 474 4680 Vll,
491 4623 519 4666 c.
534 4605 642 4681 tm:
663 4625 678 4663 o
697 4603 781 4664 Vana
795 4602 929 4666 mortali·

85 4702 140 4773 tas,
159 4705 189 4762 ct
201 4701 242 4762 ad
260 4701 553 4765 circumscribendum
571 4721 600 4762 ee
614 4701 708 4782 eptem
725 4699 893 4780 ingeniosa.
909 4721 924 4757 s

86 4791 196 4876 Cicero,
216 4797 355 4878 Tuscul,
379 4800 400 4863 l.
415 4799 468 4877 lll,
485 4819 513 4862 c.
535 4803 566 4877 9,
581 4802 622 4861 20
638 4816 647 4861 ι
666 4820 682 4857 a
702 4797 750 4860 Ab
763 4797 928 4860 inridendo

86 4899 182 4956 numm
205 4896 369 4960 invidentia
382 4903 465 4960 recte
480 4897 540 4959 dici
560 4901 671 4977 potest,
695 4902 730 4958 ut
747 4894 930 4976 effugiamus

85 4991 257 5073 ambiguum
272 5012 385 5058 nomen
399 4994 535 5073 invidiae;
557 4995 642 5076 quod
657 4993 784 5057 verbum
800 4992 930 5054 ductum

114 5233 151 5296 (Ι)
166 5233 203 5286 lta
213 5235 335 5299 d’olivec
345 5236 507 5299 bellemend,
517 5236 631 5299 Ernesti,
645 5236 777 5298 Lemaire3
791 5235 836 5286 sed
850 5235 930 5286 Orel-

84 5308 167 5444 ἵει
173 5315 295 5367 leubuer
306 5325 316 5366 t
329 5328 439 5380 «neque
450 5315 487 5367 cd
500 5314 691 5367 consolandam
700 5327 785 5378 neque
795 5313 830 5366 cd
840 5313 930 5364 leoca-

147 5429 155 5445 .
167 5410 181 5442 Ι

984 4413 1097 4494 ingenii
1125 4415 1189 4478 viro
1221 4434 1283 4477 non
1310 4415 1461 4495 judicium
1494 4414 1628 4478 defuisse
1658 4415 1698 4478 od
1730 4435 1841 4498 compe-

984 4512 1120 4574 scendum
1141 4515 1295 4576 scientiam
1324 4513 1496 4576 carminum
1525 4531 1671 4591 suorum,
1696 4513 1750 4575 sed
1775 4513 1841 4575 ani-

987 4630 1115 4673 mum.»
1138 4611 1172 4673 ln
1198 4611 1342 4675 correctis
1367 4611 1510 4691 legitur:
1540 4611 1581 4672 ad
1608 4611 1840 4691 compescendam

985 4711 1146 4773 scientiam.
1172 4707 1231 4772 Sed
1263 4708 1339 4791 quid
1364 4710 1472 4786 attinet
1500 4708 1673 4788 depravatis
1700 4709 1840 4772 testimo·

986 4809 1042 4872 niis
1063 4808 1183 4871 chartas
1199 4807 1357 4871 infarcire‘.l
1377 4806 1436 4879 Qui
1459 4806 1613 4887 eleganter
1635 4808 1718 4870 volet
1741 4808 1840 4889 loqui,

988 4907 1164 4970 Ciceronem
1185 4906 1367 4980 imitabitur,
1388 4904 1441 4986 qui
1464 4906 1524 4966 boc
1552 4905 1697 4985 loquendi
1730 4924 1841 4985 genere

988 5005 1051 5067 fere
1067 5004 1208 5067 abstinet.

1020 5228 1057 5295 (t)
1073 5231 1160 5281 llonet
1174 5227 1308 5288 baddim,
1322 5227 1407 5290 synt,
1416 5225 1435 5274 l.
1449 5225 1471 5288 l,
1480 5239 1503 5276 c.
1513 5224 1540 5287 Ξ,
1549 5238 1576 5274 n.
1585 5225 1691 5287 59,not.
1702 5223 1743 5284 ae,
1753 5237 1841 5277 emen·

988 5311 1102 5362 datiores
1120 5308 1223 5359 codices
1241 5306 1340 5372 babere
1359 5304 1493 5372 efficiendo
1513 5317 1602 5356 emsa.
1623 5304 1661 5354 lta
1684 5311 1755 5356 certe
1777 5305 1851 5362 edit„

990 5389 1166 5442 Grouoriam.
