4678 6162
896 569 940 624 DE
960 571 1142 624 nnosonts.

145 707 271 782 propter
300 701 440 783 quaedam
472 721 583 766 vocum
612 700 805 782 discrimina,
832 702 991 766 docuerint

145 803 280 861 extrema
299 799 413 880 syllaba
428 805 518 863 acuta
534 800 759 882 pronuntianda
774 819 851 864 essa.
866 823 882 862 α
895 801 991 864 Caete·

144 915 227 974 rum,
247 896 345 979 inquit
363 897 576 975 Quintilianus,
595 899 617 961 Ι.
636 898 660 977 l,
682 917 709 962 o.
728 905 759 977 5,
774 901 825 972 25,
841 899 905 979 jam
926 899 990 963 scio

145 993 294 1076 quosdam
313 995 457 1072 eruditos,
473 996 640 1060 nonnullos
657 997 748 1060 ctiam
766 997 990 1078 grammaticos

145 1091 190 1156 sic
211 1091 325 1157 docere
343 1113 380 1158 ac
400 1095 501 1177 loqui,
521 1103 555 1157 ut
575 1102 701 1179 propter
718 1095 858 1177 quadam
879 1113 990 1160 vocum

143 1188 329 1270 discrimina,
343 1191 472 1256 verbum
485 1193 608 1256 interim
625 1200 717 1257 acuto
730 1211 806 1257 sono
820 1193 936 1271 liniant,
957 1199 991 1256 ul

144 1287 248 1354 inillis
261 1288 359 1372 Virg,
373 1291 444 1355 AEn.
461 1290 512 1370 lv,
529 1313 557 1354 v.
573 1294 632 1356 ant
651 1316 658 1356 :

416 1509 524 1527 .....
541 1473 603 1537 Quae
617 1475 716 1526 circam
730 1475 830 1538 littora,
844 1475 943 1528 ciream

208 1553 467 1621 Piseosossaoputos3

144 1717 217 1782 nesi
228 1737 352 1800 gravem
362 1719 520 1802 posuerint
528 1720 707 1796 secundam,
718 1719 812 1784 areas
821 1719 880 1785 dici
888 1720 990 1785 videa-

144 1820 206 1894 tur,
216 1836 278 1883 uon
291 1819 441 1883 circuitus.
454 1818 530 1883 item
538 1829 692 1903 quantum,
703 1821 790 1903 quale
804 1820 991 1902 interrogau-

144 1923 201 1994 tes,
211 1917 310 1998 gravi3
320 1923 544 1999 comparantes,
555 1924 648 1983 acuto
663 1925 771 1982 tenore
783 1919 972 1983 concludunt
977 1936 988 1998 3

143 2015 229 2097 quod
245 2021 348 2080 umen
365 2016 396 2079 in
415 2016 565 2080 adverbiis
582 2017 650 2080 iero
663 2017 735 2082 solis
751 2036 788 2081 ac
804 2017 991 2102 pronomini·

142 2112 202 2178 bus
214 2112 388 2195 vindicant3
404 2114 435 2177 in
455 2115 572 2179 caeteris
584 2123 720 2179 veterem
737 2118 839 2197 legem
858 2135 991 2200 sequun-

143 2220 204 2275 tur.
219 2235 235 2273 a
250 2211 321 2277 llrec
335 2213 398 2277 ille.
414 2213 600 2278 Pronomina
610 2223 700 2279 vocat
718 2214 828 2279 Fabius
840 2235 925 2280 more
938 2235 989 2280 ve·

142 2317 244 2374 terum
257 2320 395 2394 φααιιοιιο,
406 2312 514 2397 musta.

184 2407 314 2487 Deinde,
331 2407 474 2492 proinde,
495 2409 619 2488 amado,
638 2411 662 2474 si
683 2409 869 2486 Quintiliano
893 2411 989 2474 credi-

143 2525 230 2584 mus,
251 2506 386 2573 mediam
409 2515 532 2572 acuam
554 2508 680 2572 habent.
704 2507 782 2572 Sunt
802 2508 855 2591 qui
879 2515 990 2591 putent

142 2605 418 2688 antepenultimam
450 2605 640 2684 acuendam,
664 2625 704 2670 ne
735 2605 895 2670 videantur
921 2608 990 2671 duaa

142 2710 247 2786 partes
263 2703 418 2770 orationis.
435 2705 564 2784 Probus,
583 2712 617 2768 ut
634 2705 749 2770 Gellius
766 2704 871 2783 refert,
888 2707 910 2769 l.
925 2705 988 2784 vll,

142 2822 173 2867 c.
186 2806 219 2882 l,
231 2805 349 2886 putavit
362 2804 556 2869 academiam
573 2805 742 2869 secundam
754 2805 914 2888 syllabam,
929 2805 990 2870 boc

141 2906 208 2982 ost,
228 2903 505 2985 antepenultimam
521 2903 632 2967 habere
652 2909 792 2974 nauum,
812 2903 898 2985 quod
915 2921 987 2979 una,

142 3019 208 3064 nou
233 3000 303 3065 duae
325 3006 429 3065 emant
455 3001 600 3066 orationis
620 3008 733 3083 partes.
760 3001 895 3075 Quodsi
922 3001 990 3085 quis

141 3099 277 3164 Probum
294 3100 368 3164 velit
387 3101 488 3183 sequi,
507 3119 585 3184 opus
604 3108 650 3165 est
673 3107 707 3163 ut
725 3101 768 3165 ita
789 3101 991 3183 antepenulti-

140 3217 225 3264 mam
251 3205 353 3278 acuat,
376 3218 417 3264 ne
436 3199 637 3282 penultimam
663 3200 819 3283 corripiat,
836 3200 922 3283 quod
937 3200 991 3283 qui

139 3295 207 3361 fleri
220 3298 328 3379 possit,
348 3298 479 3361 viderint
496 3297 547 3380 qui
570 3300 637 3379 ejus
653 3297 809 3362 sententia
827 3298 988 3362 accedunt.

188 3395 302 3473 Valeri,
319 3394 421 3473 Ovidi,
445 3395 556 3478 Virpib'
573 3395 703 3459 vocandi
723 3415 796 3459 casu
813 3397 992 3480 pronuntia·

140 3492 219 3556 bant
231 3492 360 3558 Romani
374 3494 472 3576 prima
490 3500 593 3573 acute,
607 3493 719 3575 Nigidii
732 3502 826 3576 atque
839 3493 992 3558 Ciceronis

140 3596 248 3672 eatam
267 3591 323 3656 scd
344 3593 442 3656 Aulus
462 3592 579 3656 Gellius
594 3592 756 3674 caeterique
770 3593 837 3673 eius
858 3593 991 3675 aquales

139 3690 343 3772 penultimam
350 3691 513 3756 acuebant.
524 3690 600 3754 Vide
611 3669 754 3768 Gellium,
770 3691 792 3753 Ι.
806 3690 988 3768 luttere.

139 3787 274 3853 linatur
292 3789 396 3872 itaque
419 3795 566 3854 accentus
586 3789 664 3853 ratio
683 3789 896 3871 progrediente
916 3797 993 3852 tem·

140 3905 232 3969 pore,
245 3905 399 3973 nemoque
409 3887 537 3952 miretur
550 3888 575 3952 si
587 3887 678 3953 hodie
692 3887 838 3966 Amiroei,
852 3887 989 3968 Gregori,

143 3985 285 4063 Gerodri,
301 3987 424 4051 Protesi
439 3988 549 4053 eadem
566 3987 735 4071 penultima
752 3987 845 4069 longa
862 3987 993 4052 ederunt

140 4104 197 4148 vur
210 4103 263 4168 pn.

182 4185 368 4268 Areopapar,
380 4183 493 4268 Ἄρειος
501 4187 593 4265 πάγος
604 4184 806 4267 penultimam
821 4185 912 4249 habet
921 4183 990 4250 bre-

139 4300 229 4365 vem;
245 4285 336 4364 πάγος
349 4285 478 4368 (pagos)
493 4284 587 4362 enim,
599 4283 659 4349 boc
676 4283 828 4363 est,collis
841 4284 990 4368 locusque

139 4381 242 4446 editus
250 4381 401 4448 andeboc
409 4401 523 4448 nomeu
537 4384 743 4467 componitur,
753 4383 886 4465 priorem
897 4383 990 4448 corri-

139 4478 205 4562 pit3
223 4477 325 4564 neque
338 4481 422 4546 enim
434 4501 472 4547 aa
482 4501 580 4568 papas
592 4482 742 4547 vocabulo
755 4483 850 4548 latino
864 4483 989 4566 copula·

139 4585 204 4657 tur,
219 4580 308 4661 cuius
321 4579 404 4664 prior
415 4581 614 4666 producitur;
628 4581 649 4646 l.
665 4579 691 4658 l,
701 4581 796 4663 epigr.
808 4584 838 4659 Ξ,
855 4599 885 4644 ι.
902 4585 932 4659 l,
948 4581 988 4656 εἰς

139 4673 288 4758 Ἄμπελον
303 4697 312 4742 :

205 4861 248 4918 Τίς
262 4876 292 4912 aa
306 4862 384 4925 πάγος
400 4861 544 4927 δασάρηγιος,
562 4864 658 4922 &atltae
675 4863 808 4927 άξάθφοψονς

138 5026 311 5112 Euripides,
330 5029 430 5113 lpbig.
443 5031 476 5094 in
489 5029 626 5110 Taurid,
641 5051 671 5096 v.
686 5035 776 5111 illo,
792 5029 845 5095 ubi
855 5030 986 5095 lliuerva

137 5123 280 5192 Orestem
291 5145 309 5190 a
320 5125 408 5193 iuriis
419 5129 452 5192 in
463 5129 625 5212 Areopago
634 5130 673 5194 de
686 5131 771 5196 cede
785 5129 888 5194 metris
896 5147 986 5193 accu-

136 5231 252 5305 satum,
266 5244 286 5289 a
299 5244 332 5290 se
345 5225 522 5292 absolutum
533 5227 698 5314 alloquitur
714 5252 722 5293 ι

204 5417 305 5483 Marsa
321 5418 414 5479 δικαίας
429 5419 508 5472 οὕνιιι’
523 5419 656 5472 hadom
671 5421 707 5482 σε’,

1816 552 1891 631 527

1110 708 1158 757 Καὶ
1173 709 1227 772 πρὶν
1244 708 1267 770 γ’
1289 709 1387 773 Ἀροιοίς
1404 709 1428 759 ἐν
1444 711 1529 772 πάγοις
1544 711 1637 773 ψήφους
1652 712 1706 768 icat

1113 787 1219 854 Kpirat',
1242 790 1355 854 Ὀρέστα.

1046 959 1157 1024 Versus
1182 964 1228 1022 est
1251 958 1387 1022 senarius
1411 959 1559 1023 iambicus
1584 983 1591 1024 :
1618 962 1719 1040 πάγοις
1750 959 1892 1042 quartum

1046 1059 1150 1124 locum
1161 1058 1290 1136 obtinet,
1304 1060 1356 1142 qni
1371 1059 1543 1123 necessario
1556 1065 1603 1123 est
1614 1059 1744 1123 iambus.
1760 1060 1805 1123 Ne
1820 1078 1893 1123 vero

1047 1164 1138 1238 putes
1158 1159 1247 1236 πάγον
1274 1156 1446 1238 significare
1469 1157 1569 1219 vicum
1591 1164 1644 1220 aut
1666 1175 1797 1238 pagum3
1822 1157 1893 1220 audi

1046 1255 1191 1318 eumdem
1212 1260 1337 1336 poetam
1361 1254 1392 1316 in
1412 1253 1521 1316 eadem
1542 1255 1702 1335 tragoedia,
1726 1255 1778 1317 ubi
1798 1254 1894 1319 sorori

1046 1353 1213 1436 iphigeniae
1227 1361 1327 1418 namet
1341 1353 1461 1418 Orestes
1477 1354 1739 1435 quemadmodum
1756 1355 1786 1416 in
1800 1354 1894 1418 Areo·

1047 1472 1160 1536 pagum
1183 1453 1311 1532 venerit,
1332 1453 1436 1536 ibique
1456 1471 1474 1514 a
1492 1452 1588 1516 Furiis
1610 1453 1701 1517 luerit
1719 1460 1892 1532 accusatus,

1045 1551 1282 1634 testimonioque
1317 1551 1467 1633 Apollinis
1504 1569 1522 1612 a
1555 1551 1678 1616 Pallade
1715 1553 1892 1630 absolutus,

1045 1669 1075 1714 v.
1099 1652 1184 1714 962:

1116 1849 1158 1906 ιΩς
1174 1848 1196 1897 δ’
1212 1849 1245 1906 εἰς
1261 1849 1354 1912 Αἰφειὸν
1371 1848 1440 1912 ὄχθον
1456 1849 1526 1908 Aaou,
1544 1849 1567 1906 ἐς
1584 1849 1653 1908 δίκην

1110 1929 1139 1978 Τ’
1155 1929 1235 1988 loma.

1046 2099 1206 2182 Postquam
1226 2098 1267 2159 od
1288 2098 1437 2160 Martiam
1461 2098 1563 2162 collem
1585 2100 1669 2177 neni,
1697 2107 1757 2166 etc.
1785 2101 1894 2185 Ὄχθος

1046 2197 1203 2261 tumulum
1217 2215 1270 2260 seu
1284 2198 1406 2275 collem,
1420 2215 1482 2260 non
1493 2217 1609 2280 pagum
1623 2205 1676 2262 aut
1689 2199 1791 2263 vicum
1804 2201 1894 2282 signi·

1045 2294 1126 2358 ficet.
1149 2294 1256 2377 ltaque
1276 2291 1388 2376 Ἄρειος
1412 2293 1496 2375 igine
1515 2301 1547 2359 et
1567 2293 1681 2377 Ἄρειος
1701 2298 1792 2377 πάγος
1813 2297 1894 2363 idem

1046 2411 1168 2475 prorsus
1192 2391 1376 2473 significant.
1405 2392 1569 2456 Pausanias
1593 2394 1623 2456 iu
1646 2394 1765 2475 Atticis,
1790 2417 1819 2460 c.
1841 2399 1892 2476 28,

1046 2490 1224 2574 Hesychius,
1240 2489 1360 2568 Suidas,
1369 2491 1514 2572 llagnum
1525 2490 1771 2575 Etymologicum
1784 2494 1895 2558 docent

1045 2591 1232 2673 Areopagum
1249 2589 1280 2651 in
1294 2590 1364 2653 loco
1377 2589 1461 2653 edito
1475 2588 1581 2653 fuisse.
1597 2590 1704 2654 Suidas
1721 2614 1728 2655 :
1748 2615 1763 2653 ο
1776 2592 1893 2670 Εκλὴθη

1047 2687 1077 2749 et
1099 2688 1147 2750 οιαὶ
1167 2685 1279 2770 Ἄρειος
1297 2690 1399 2767 πάγος,
1420 2689 1481 2766 ἢτοι
1501 2690 1540 2750 tot
1559 2689 1645 2770 ἐντῷ
1664 2711 1747 2772 παγῳ
1769 2691 1826 2754 ἐστὶ
1846 2691 1894 2752 καὶ

1047 2787 1208 2867 tribeati
1232 2787 1421 2868 δικαστήριον.
1448 2785 1561 2869 Ἄρειος
1584 2788 1632 2863 δε,
1658 2789 1717 2851 ἐπεὶ
1741 2791 1775 2851 τά
1799 2791 1894 2871 φονικὰ

1047 2886 1167 2964 δικάζει,
1179 2886 1194 2946 δ
1208 2884 1339 2968 δὲ,Ἄρης
1353 2887 1397 2948 ἐπὶ
1406 2891 1467 2966 [ror
1481 2889 1578 2968 φόνων.
1594 2910 1610 2948 ι)
1628 2886 1790 2971 Utriusque
1804 2907 1895 2953 voca·

1048 2983 1111 3047 buli
1128 2984 1278 3049 rationem
1300 2984 1432 3066 explicat
1447 3003 1457 3046 ι
1470 2987 1560 3066 πάγοι
1579 2987 1589 3064 (
1595 2990 1712 3068 pepon)
1725 2987 1765 3050 ait
1778 2987 1894 3052 dictum

1046 3081 1158 3162 luisse,
1181 3083 1265 3165 quod
1287 3083 1320 3145 in
1347 3085 1415 3146 loco
1437 3085 1522 3149 edito
1545 3092 1626 3148 esset
1646 3082 1747 3149 iorum
1773 3103 1781 3148 :
1804 3087 1894 3164 πάγος

1048 3181 1131 3244 enim
1144 3180 1231 3244 collis
1248 3200 1302 3244 seu
1318 3180 1457 3244 tumulus
1475 3189 1537 3260 est;
1551 3181 1698 3245 Martiam
1713 3201 1795 3260 vero,
1810 3182 1895 3266 quod

1047 3279 1189 3361 capitalia
1207 3278 1405 3362 gravioraque
1425 3279 1537 3360 judicia
1558 3280 1590 3343 in
1613 3299 1652 3345 eo
1667 3288 1892 3358 exercerentur,

1049 3383 1081 3440 et
1100 3378 1139 3441 de
1158 3377 1307 3455 caedibus,
1321 3378 1435 3460 quibus
1453 3383 1561 3460 praeest
1575 3378 1663 3458 blara,
1679 3381 1719 3444 ab
1732 3381 1897 3464 Areopagi·

1047 3476 1086 3539 tis
1098 3474 1298 3556 judicaretur.
1314 3476 1409 3539 Addit
1422 3476 1515 3554 idem,
1531 3477 1683 3559 multique
1695 3478 1745 3541 alii
1758 3479 1807 3542 vel
1819 3479 1896 3542 llar-

1048 3573 1125 3636 tium
1141 3572 1235 3637 luisse
1255 3574 1456 3657 appellatum,
1471 3574 1555 3657 quod
1568 3573 1646 3637 biars
1662 3574 1788 3658 primus,
1804 3577 1895 3642 inter

1047 3670 1128 3736 fecto
1151 3672 1285 3754 Neptuni
1317 3673 1400 3752 filio,
1430 3677 1591 3736 accusatus
1625 3671 1738 3738 ibidem
1773 3673 1894 3740 drumm

1047 3769 1168 3833 dixerit.
1184 3770 1273 3844 Quod
1286 3770 1425 3849 Varroni,
1436 3777 1471 3834 ut
1483 3770 1576 3833 relert
1591 3770 1896 3853 [sequestrasse

1048 3865 1175 3932 Ciuitate
1185 3868 1252 3947 liei,
1268 3869 1289 3931 l.
1305 3868 1413 3947 XVlll,
1429 3888 1457 3932 c.
1474 3872 1524 3946 to,
1536 3886 1597 3932 nou
1608 3867 1894 3951 probatur,nedeos

1047 3984 1120 4030 suos
1129 3967 1289 4030 traducere
1302 3967 1449 4031 videatur.

1098 4213 1180 4287 569.
1216 4223 1311 4288 Graecl
1341 4241 1403 4287 non
1433 4229 1571 4305 spectant
1601 4225 1821 4307 penultimam,
1861 4235 1895 4292 ut

1046 4321 1142 4386 batim
1147 4341 1158 4403 3
1172 4322 1335 4404 saepissime
1349 4321 1431 4384 enim
1444 4320 1576 4399 acuitur,
1592 4340 1664 4386 cum
1680 4323 1719 4386 sit
1736 4323 1845 4404 brevis,
1860 4334 1894 4390 ut

1046 4416 1181 4499 Ανδρὲας,
1199 4415 1478 4498 reptacaestir,
1496 4415 1645 4493 Andreas,
1663 4417 1778 4494 Morio,
1793 4418 1893 4500 pbilo-

1043 4515 1167 4597 sopitio;
1184 4533 1278 4597 quam
1301 4513 1454 4578 rationem
1480 4514 1697 4598 pronuntiandi
1722 4523 1893 4598 sequuntur

1045 4613 1153 4693 Latini,
1167 4631 1240 4677 cum
1254 4632 1291 4677 ea
1304 4614 1352 4676 rel
1362 4612 1454 4694 longo
1469 4632 1527 4676 usu
1541 4620 1663 4697 recepta
1675 4622 1734 4692 est,
1745 4617 1792 4679 vel
1806 4635 1892 4679 aures

1045 4731 1152 4776 eorum
1175 4711 1302 4776 offendit
1323 4710 1508 4793 quibuscum
1529 4711 1645 4775 vivunt.
1672 4711 1787 4776 Malunt
1808 4713 1891 4777 enim

1045 4813 1219 4877 Graecorum
1232 4828 1319 4875 mora
1332 4809 1540 4892 pronuntiare,
1554 4828 1648 4892 quarn
1666 4829 1746 4874 nova
1758 4829 1892 4894 pronun·

1044 4910 1170 4974 tiatione
1191 4909 1361 4974 amicorum
1389 4913 1443 4972 aut
1473 4906 1595 4988 piorum
1619 4908 1780 4972 hominum
1802 4927 1892 4973 auras

1044 5009 1212 5073 offendere.
1241 5008 1341 5081 Quare
1365 5004 1537 5070 cavendum
1565 5013 1611 5069 est
1637 5022 1676 5069 ne
1703 5005 1892 5087 decipiamur
1998 5081 2001 5096 ὅ

1044 5125 1143 5188 graeco
1160 5113 1235 5172 tono
1255 5129 1262 5169 :
1285 5105 1342 5169 atsi
1361 5105 1444 5169 enim
1457 5111 1553 5182 recte,
1568 5103 1651 5166 verbi
1669 5122 1772 5182 causa,
1790 5122 1890 5185 graeco

1044 5206 1102 5268 ritu
1120 5205 1237 5282 Mario,
1251 5203 1398 5281 Andreas,
1414 5201 1583 5285 penuldnm
1603 5207 1693 5266 acuta
1709 5202 1888 5278 efferuntur,

1045 5302 1248 5366 barbarismus
1268 5309 1371 5366 umen
1389 5301 1459 5379 fiet,
1476 5300 1501 5364 si
1523 5300 1554 5364 iu
1573 5300 1704 5364 carmine
1723 5300 1891 5386 penultima

1044 5400 1243 5484 producatur3
1273 5400 1357 5464 aliud
1385 5401 1467 5465 enim
1492 5405 1538 5464 est
1571 5398 1725 5482 quantitas
1747 5397 1888 5481 syllabae,
