4630 6164
455 470 532 549 374
1113 483 1350 553 consrnucnlo
1372 499 1551 550 nnvnnnu.

455 633 571 694 tionem
587 631 786 712 pertimescit.
802 654 817 689 u
832 631 1024 711 -luugitur
1040 632 1131 694 etiarn
1148 633 1303 711 eleganter
1363 650 1392 693 c.
1408 633 1448 692 b:
1465 653 1480 690 u
1495 629 1659 692 Ferebatur
1672 636 1704 691 et
1716 629 1819 710 vagari
1832 629 1976 692 noctibus
1984 629 2096 703 solitus,
2109 638 2182 711 atque

453 748 524 793 curn
538 728 663 792 nomine
676 737 789 810 quotus.
803 727 900 810 idem,
912 727 1047 805 Tuscul,
1062 731 1084 791 i.
1099 728 1138 806 11,
1154 747 1182 791 c.
1196 733 1226 805 l,
1244 732 1277 789 tl
1293 745 1301 788 :
1366 728 1530 790 r'uuulidum
1543 747 1681 810 quemque
1701 727 1861 791 obviorum
1872 727 1920 789 rel
1937 725 2121 808 potulentum
2131 746 2183 791 cor·

457 853 473 888 r
495 828 604 904 Quotus
624 827 707 888 enirn
728 826 846 908 quilque
864 825 1117 909 pbilosophorum
1136 825 1300 902 invenitur,
1362 829 1472 908 ripere,
1488 845 1524 888 uc
1539 826 1672 889 distento
1686 844 1760 906 sago
1781 825 1960 906 impositum
1973 824 2006 887 in
2020 824 2135 887 sublime
2143 827 2182 905 ja-

454 928 508 1010 qui
520 926 559 988 sit
579 927 620 988 ita
636 931 784 1001 moratus,
799 923 842 985 ita
857 923 960 986 animo
973 941 1009 986 ac
1028 924 1086 986 vita
1106 923 1303 998 constitutus,
1361 931 1455 988 ctare.
1472 946 1487 980 n
1505 957 1546 972 -
1559 922 1684 1004 Legitur
1700 927 1732 985 el
1748 941 1820 985 curn
1844 922 2056 1004 comparativis
2076 924 2182 986 murino

456 1033 491 1088 ut
504 1025 582 1087 ratio
605 1022 785 1104 postulatio
802 1057 843 1070 -
856 1020 935 1084 Item
954 1040 1026 1084 curn
1040 1021 1301 1102 nominibusque
1360 1023 1576 1086 accedentibus
1588 1021 1739 1084 adverbiis
1755 1041 1812 1104 quo
1822 1026 1854 1083 et
1867 1040 1910 1083 eo.
1925 1021 2046 1097 Cicero,
2058 1023 2107 1102 pro
2124 1020 2182 1083 llos.

459 1127 571 1186 vocant
578 1120 740 1196 ordinalia,
756 1126 810 1182 ut:
829 1119 927 1181 Tertio
941 1138 1051 1202 proque
1063 1119 1157 1182 verbo
1170 1117 1302 1182 soloecis-
1363 1121 1463 1198 Com,
1483 1140 1511 1183 c.
1527 1124 1577 1197 lt,
1594 1124 1629 1184 31
1645 1143 1652 1182 :
1673 1120 1763 1194 «Ouo
1779 1120 1899 1202 purique
1913 1125 1959 1181 est
1971 1120 2102 1180 solertior
2112 1127 2137 1181 ct
2148 1121 2183 1179 ir·

457 1215 942 1293 nnumiacit.Gicero‚Verr-.uct.
960 1216 1129 1295 11‚1.11,c.
1150 1219 1200 1291 56,
1215 1217 1300 1276 139:
1361 1219 1517 1298 periurior,
1543 1217 1602 1279 boc
1624 1217 1716 1279 docet
1736 1217 1911 1279 iracundius
1933 1224 1965 1279 et
1985 1216 2178 1278 laboriosius.»

458 1341 473 1376 u
483 1317 590 1392 θυίηιο
603 1331 803 1397 quoqroeanuo
812 1313 913 1376 Sicilia
924 1320 989 1377 tola
1001 1311 1302 1376 censemur-Raro
1360 1315 1604 1391 Quintilianus,i.
1617 1313 1656 1391 ΙΙ,
1671 1334 1699 1376 c.
1715 1317 1745 1390 3,
1761 1319 1821 1377 to:
1841 1338 1855 1374 r
1870 1313 1934 1376 Erit
1945 1313 2037 1377 etiam
2052 1331 2086 1377 eo
2096 1313 2181 1376 obscu-

454 1433 525 1477 cum
548 1411 722 1477 nominibus
745 1411 903 1488 absolutis,
925 1431 963 1474 ex
986 1411 1097 1494 quibus
1119 1410 1300 1492 superlativa
1360 1415 1433 1492 rior,
1446 1414 1628 1496 quupur'sque
1637 1411 1767 1475 deterior
1781 1415 1866 1490 (l).»

456 1510 579 1574 sommri
608 1516 753 1591 possunt,
778 1511 920 1590 junctum
949 1508 1113 1589 reperitur.
1145 1506 1303 1570 qualidur

450 1615 555 1671 tamen
568 1609 687 1692 quisque
700 1606 860 1688 aliquoties
879 1605 1030 1668 invenitur
1047 1605 1129 1686 apud
1149 1605 1297 1682 Tacitmn,

450 1707 560 1768 Annal.
573 1706 594 1768 i.
604 1705 672 1782 xit,
683 1725 710 1767 c.
727 1707 777 1782 43,
790 1711 821 1766 et
834 1705 917 1785 apud
932 1703 1114 1766 Suetonium
1123 1703 1153 1763 in
1164 1701 1297 1779 Othone,
1393 1716 1428 1780 (1)
1444 1715 1491 1766 nni
1505 1729 1535 1765 :r
1550 1716 1605 1766 urit
1617 1729 1680 1781 ergo
1693 1716 1828 1768 obscurior
1840 1717 1928 1778 etiam,
1940 1730 2003 1781 quo,
2014 1723 2062 1767 eu.
2076 1733 2088 1763 s
