4616 6160
636 576 682 627 be
703 571 989 627 eousrnucvrorve
1009 570 1270 623 turnrusrrrvu.
1753 545 1829 625 233

118 705 243 787 Siplura
256 705 441 769 antecedant
453 705 639 769 substantiva
657 703 925 786 coniunctionibus
984 704 1227 786 provocabulum
1247 703 1310 766 sive
1333 701 1513 780 relativum,
1536 702 1620 767 unde
1640 721 1659 766 a
1680 703 1833 768 veteribus

85 803 182 886 ligata,
204 803 288 867 idem
311 804 540 868 observandum
562 811 608 867 est
631 805 662 867 iu
683 804 819 867 relativis
839 800 926 887 quod
985 803 1137 866 infinitum
1163 821 1337 884 pronomen
1367 802 1557 885 appellatum
1579 801 1632 882 sit;
1655 819 1717 885 qua
1736 801 1777 866 de
1798 821 1833 867 re

85 904 168 986 paulo
186 909 259 967 ante
278 902 319 967 de
341 902 500 986 adjectivis
512 902 631 966 dictum
645 909 703 966 est.
719 902 837 980 Cicero,
849 899 924 980 off,
984 920 1077 983 supra
1090 901 1121 964 in
1134 900 1329 986 Rudimentia
1342 900 1414 964 satis
1427 900 1545 964 dictum
1555 907 1612 964 est.

85 1002 104 1065 l.
122 1002 146 1082 l,
164 1021 191 1066 c.
213 1008 241 1079 l,
264 1007 277 1066 t
302 1020 311 1066 ι
330 1001 487 1084 «Propter
501 1019 656 1065 summam
675 1007 708 1065 et
724 1000 854 1064 doctoris
870 1019 925 1063 au·
1025 999 1089 1064 llac
1111 1008 1143 1064 et
1165 1000 1306 1081 ejusdem
1330 999 1449 1081 generis
1471 999 1690 1084 questionibus
1712 1004 1834 1083 preter-

86 1103 258 1179 ctcritatem,
273 1100 412 1180 eturbia,
428 1121 554 1184 qaorum
575 1100 652 1163 alter
671 1105 702 1162 te
723 1098 851 1163 scientia
871 1118 927 1162 au·
985 1099 1105 1177 missis,
1133 1099 1237 1162 multis
1263 1099 1424 1181 propositis
1457 1099 1606 1181 exemplis
1635 1105 1836 1164 exerceantur

85 1217 147 1280 gere
166 1205 285 1282 potest,
300 1201 396 1263 altera
416 1199 577 1281 exemplis.
592 1221 608 1258 r
626 1197 713 1261 ldem
726 1196 767 1260 ad
781 1196 817 1270 Q.
834 1195 927 1261 Caeci·
984 1197 1073 1280 pueri
1086 1216 1180 1281 quam
1193 1197 1432 1276 studiosissime,
1445 1197 1610 1280 nullusque
1624 1197 1836 1282 pretermitta-

85 1298 166 1378 lium,
187 1299 208 1361 l.
231 1297 273 1361 lll
293 1299 333 1362 ad
353 1299 432 1376 Art,
445 1316 497 1380 ep.
513 1300 602 1374 20,l
620 1315 628 1359 :
650 1319 666 1358 o
679 1296 740 1360 Sed
753 1295 808 1358 tibi
822 1296 926 1359 venire
984 1304 1034 1360 tur
1047 1296 1114 1360 dies
1127 1296 1203 1379 quin
1215 1295 1331 1379 aliquid
1346 1295 1440 1359 latine
1455 1295 1590 1360 scribant
1605 1314 1613 1360 :
1628 1297 1671 1360 ita
1684 1296 1768 1361 enim
1781 1294 1835 1359 flet
1882 1294 1884 1300 '

86 1397 254 1460 tumentem
268 1403 355 1460 certo
367 1397 443 1473 scio,
460 1415 530 1479 que
544 1396 607 1459 cito
628 1401 710 1458 esset
728 1399 845 1473 nosue,
857 1413 926 1477 quae
986 1400 1021 1459 ut
1043 1394 1127 1458 brevi
1150 1412 1281 1476 magnos
1303 1393 1418 1459 iaciant
1439 1414 1629 1479 progressus.
1651 1396 1836 1460 desuescant

85 1497 213 1574 amitas,
237 1514 309 1578 que
331 1493 475 1576 dipsadas,
497 1493 536 1557 ad
558 1512 623 1576 que
640 1492 851 1576 recuperanda
872 1510 927 1574 per
985 1492 1119 1576 denique
1134 1493 1236 1577 potius
1249 1494 1412 1557 emendate
1429 1494 1516 1576 loqui
1529 1504 1561 1558 et
1573 1493 1723 1574 scribere,
1740 1512 1834 1576 quam

86 1592 211 1658 fortunas
230 1592 387 1658 incumbe.
411 1614 426 1652 ι
448 1591 545 1671 Idem,
567 1591 647 1654 Phil.
670 1591 708 1670 ll,
730 1612 759 1656 c.
782 1594 835 1670 30,
856 1593 925 1654 ¹15:
986 1591 1113 1655 barbare
1137 1591 1305 1674 disputare.
1338 1590 1399 1656 {lle
1425 1610 1499 1655 vero
1524 1591 1780 1670 concertationes,
1803 1591 1835 1654 in

89 1691 301 1774 «Repetebaut
314 1698 460 1774 preterea
469 1691 546 1754 Deos
558 1696 687 1773 penates
699 1690 827 1772 patrios,
842 1707 925 1766 oros,
985 1691 1098 1774 quibus
1111 1690 1151 1754 de
1165 1690 1300 1754 limanda
1314 1691 1464 1768 oratione,
1485 1690 1525 1754 de
1544 1690 1772 1773 orthographia,
1794 1691 1835 1754 de

86 1789 608 1872 [auctoremsuumlamiliaremfin
618 1794 727 1872 pactu
736 1788 921 1852 invaseras.»
988 1789 1130 1854 notandis
1144 1789 1224 1852 vitiis
1237 1790 1350 1871 agitur,
1361 1789 1494 1852 maxime
1506 1796 1577 1853 sunt
1588 1790 1679 1854 utiles
1695 1807 1703 1853 ε
1718 1808 1791 1853 nam
1804 1797 1837 1853 et

120 1887 273 1952 interdum
294 1888 432 1951 redditur
451 1889 613 1952 relativum
633 1886 772 1950 viciniori
788 1886 928 1950 substan-
986 1889 1105 1952 animos
1119 1887 1254 1952 excitant
1265 1887 1492 1970 alacrioresque
1505 1886 1657 1968 reddunt,
1671 1893 1703 1952 et
1713 1887 1836 1969 ingenia

87 1987 150 2050 tivo.
172 1985 259 2051 ldem
279 1985 312 2049 in
333 1986 410 2065 Pia,
431 2004 461 2049 c.
483 1988 536 2064 20,
557 1987 598 2048 ld
619 2003 628 2048 ε
649 1984 927 2067 allihinunquam
986 1987 1083 2051 alunt.

87 2085 192 2150 veniret
212 2086 245 2148 in
272 2092 412 2148 mentem
435 2083 576 2149 furorem
599 2091 631 2148 et
652 2084 800 2146 insoniam
820 2091 927 2166 optare
1026 2084 1107 2149 lllud
1116 2085 1205 2149 Plinii
1217 2085 1270 2148 lib.
1281 2084 1387 2163 XVlll,
1403 2103 1432 2148 c.
1442 2083 1619 2149 822aNabe
1628 2084 1758 2167 procido
1766 2106 1834 2148 eon·

87 2183 172 2262 roba,
192 2181 224 2246 in
246 2203 336 2266 paam
359 2181 518 2246 incidistis.
546 2204 561 2240 r
587 2180 702 2260 Livius,
726 2182 748 2244 l.
771 2180 926 2259 XXXVII,
986 2185 1102 2248 dicam
1108 2229 1120 2262 ,
1135 2184 1213 2268 qaod
1226 2191 1336 2248 vocant
1349 2189 1568 2266 tempestatem
1580 2183 1682 2248 albam
1688 2230 1699 2263 ,
1718 2184 1835 2265 gmndo

88 2299 112 2344 c.
124 2285 161 2346 to
179 2299 188 2344 ε
209 2279 371 2364 «Oppida,
393 2280 464 2359 vici,
485 2280 622 2350 castella,
644 2280 716 2362 apri
733 2280 786 2362 qai
801 2279 841 2343 ad
854 2279 929 2344 Pisi·
986 2283 1200 2363 imminebit3s
1217 2289 1250 2348 et
1263 2283 1322 2346 alia
1341 2282 1373 2346 id
1394 2300 1492 2364 genus
1509 2281 1660 2363 Figurate
1680 2289 1837 2348 construc-

88 2379 157 2444 diam
170 2386 315 2463 vergunt.
329 2401 346 2440 a
364 2379 462 2444 Cesar
475 2379 652 2444 masculinis
665 2386 697 2442 et
712 2376 861 2444 leminino
878 2398 927 2443 re·
986 2381 1059 2446 tioni
1072 2380 1302 2446 reservavimus.

88 2495 147 2542 rum
172 2481 379 2543 animatamm
406 2478 568 2542 relativum
595 2484 741 2542 neutrum
772 2475 926 2553 reddidit,
1026 2476 1206 2563 llludpene
1219 2498 1270 2543 me
1283 2478 1417 2560 lugeret,
1428 2477 1574 2545 orationis
1593 2478 1769 2544 membrum
1789 2480 1837 2545 in·

88 2575 155 2640 Bell.
171 2577 265 2656 Gall,
280 2578 303 2641 l.
318 2575 356 2656 V,
373 2595 401 2640 c.
425 2579 488 2640 lt:
508 2600 524 2637 a
543 2576 700 2660 Leporem,
718 2581 750 2638 et
769 2575 926 2657 pollinam,
986 2578 1078 2643 terim
1104 2578 1171 2642 vioe
1200 2578 1410 2641 antecedentis
1433 2577 1520 2662 poni,
1548 2577 1641 2661 idque
1667 2577 1700 2642 iu
1726 2585 1836 2642 neutro

88 2681 117 2738 et
137 2695 266 2738 meren
285 2679 409 2756 gustare
430 2673 477 2738 las
501 2691 564 2739 non
586 2679 716 2757 putaut3
740 2673 802 2739 trec
823 2679 928 2738 tamen
987 2694 1113 2757 genere.
1125 2675 1403 2755 CiceroadAtt.‚l.
1419 2675 1521 2760 ll,ep.
1533 2675 1835 2760 lb,2:aPompeias,

88 2771 162 2836 alunt
182 2773 277 2838 anirui
300 2773 531 2856 voluptatisque
552 2791 686 2838 causer
704 2771 763 2836 Ubi
779 2790 841 2838 non
860 2790 929 2854 spe·
988 2775 1085 2840 nostri
1093 2794 1214 2840 amores
1220 2774 1317 2858 ,qaod
1330 2775 1406 2839 mihi
1414 2794 1538 2840 summo
1552 2775 1651 2840 dolori
1662 2782 1722 2854 est,
1733 2777 1795 2859 ipse
1807 2795 1837 2839 se
1856 2791 1858 2797 “

88 2871 176 2952 dem,
198 2872 254 2937 sed
277 2887 378 2955 genus
398 2872 514 2936 enimet
534 2873 668 2955 respexit
691 2892 700 2936 ε
723 2873 798 2936 Hoec
823 2878 928 2936 umen
988 2874 1257 2956 offircr'tmldem,
1273 2891 1329 2956 pro
1344 2873 1553 2954 Gornssalbo,
1568 2894 1597 2939 c.
1612 2880 1693 2953 ἣδε
1708 2873 1837 2939 «Unum

88 2971 220 3034 «cendio
234 2972 333 3035 alunt.
988 2970 1142 3051 objicitur,
1158 2979 1260 3033 notam
1272 2990 1330 3034 esse
1345 2971 1483 3049 Gadibus,
1499 2971 1578 3056 qaod
1591 2978 1685 3054 negat
1697 2991 1802 3037 nemo.
1817 2993 1833 3032 r

124 3069 250 3145 Quidam
268 3089 435 3154 personam
454 3069 585 3148 addunt,
604 3070 636 3135 in
650 3069 929 3155 quaetiamrelati·
1030 3068 1088 3132 Sui
1099 3076 1211 3133 etseras
1230 3069 1356 3153 quidam
1375 3069 1412 3133 iis
1431 3069 1566 3134 relativis
1587 3088 1657 3152 quae
1680 3069 1838 3154 posuimus

88 3182 236 3234 marcum
250 3169 455 3235 antecedente
470 3170 657 3250 consentiam
674 3175 789 3251 negant
804 3169 854 3232 alii
872 3169 927 3232 ad·
987 3167 1106 3232 addunt
1111 3186 1122 3249 ;
1139 3168 1207 3246 sed,
1221 3187 1296 3233 cum
1309 3168 1369 3233 sint
1382 3168 1554 3252 reciproca,
1573 3167 1606 3232 in
1624 3187 1715 3232 suum
1733 3168 1838 3234 locum

88 3266 224 3349 denmm,
238 3269 323 3354 quod
345 3270 463 3335 nullam
483 3276 599 3334 certam
615 3285 779 3351 personam
791 3267 929 3333 includat
986 3266 1176 3332 differantur.

799 3548 1061 3625 APPENDIX
1088 3552 1114 3620 l.

138 3749 227 3831 231.
258 3747 476 3831 Relativum
500 3751 581 3856 qai,
609 3772 709 3853 qaae,
735 3746 850 3852 qood,
882 3771 1003 3850 quum
1029 3744 1277 3828 antecedenti
1304 3744 1555 3853 preponitur,
1585 3771 1675 3826 cum
1703 3744 1838 3826 eodem

89 3903 238 3984 genere,
255 3903 421 3959 numero
433 3883 473 3958 et
483 3901 574 3956 casu
589 3898 777 3982 perquam
793 3879 955 3954 venuste
963 3867 1149 3953 ¹cohaeret.

140 4003 282 4104 Cicero,
302 4028 371 4110 pro
385 4001 507 4110 Sylla,
525 4026 561 4081 c.
584 3999 651 4098 33,
670 3997 721 4078 92
741 4026 750 4076 :
774 4028 796 4070 a
810 3997 899 4089 Quoe
913 3995 1040 4104 prime
1059 3995 1279 4080 innocentis
1300 3997 1399 4079 mihi
1421 4002 1596 4104 defensio
1615 4005 1673 4079 est
1693 3997 1835 4096 oblata,

91 4129 245 4236 suscepi.
270 4161 293 4204 >2
319 4128 427 4209 ldem
453 4126 502 4206 ed
526 4124 719 4221 Atticum,
746 4121 773 4201 l.
802 4123 872 4224 lX,
890 4148 954 4227 ep.
975 4123 1038 4223 15,
1062 4122 1113 4202 6:
1137 4155 1158 4198 «
1182 4123 1280 4216 Quos
1301 4150 1392 4205 cum
1416 4122 1533 4205 Matio
1556 4150 1697 4230 pueros
1721 4119 1777 4231 (l)
1803 4127 1841 4202 et

91 4255 262 4337 Trebatio
278 4253 477 4350 miseram,
499 4249 704 4358 epistolam
721 4247 819 4329 mihi
834 4247 1067 4328 attulerunt.
1082 4280 1104 4322 »
1123 4249 1230 4329 ldem
1250 4249 1292 4329 in
1313 4249 1439 4357 prima
1459 4250 1693 4347 Tusculana,
1713 4274 1747 4330 c.
1775 4249 1837 4347 l8,

92 4379 134 4458 tl
156 4411 165 4460 ι
187 4411 208 4454 a
226 4379 347 4474 mecm
367 4377 530 4483 quisque
550 4373 653 4455 norit
672 4386 809 4471 ortem,
831 4371 872 4453 in
892 4371 966 4452 hac
986 4397 1026 4453 se
1045 4381 1234 4454 exerceat.
1257 4407 1278 4449 »
1297 4374 1403 4456 ldem
1423 4374 1471 4455 ad
1493 4374 1681 4475 Atticum,
1705 4374 1733 4453 1.
1755 4373 1838 4474 Xll,

91 4528 149 4610 ep.
167 4505 216 4584 31
230 4537 239 4586 :
257 4536 279 4578 a
294 4503 433 4595 Quibus
444 4501 492 4582 de
506 4499 618 4581 rebus
634 4498 681 4579 ad
696 4524 760 4580 me
774 4495 978 4605 scripsisti,
989 4497 1178 4603 'quoniam
1191 4497 1273 4607 ipse
1286 4499 1414 4602 venio,
1430 4526 1559 4581 coram
1574 4497 1804 4580 videbimus.
1815 4528 1837 4572 n

128 4753 326 4819 lucratione
352 4754 444 4837 plene
477 4751 683 4833 omnibusque
710 4749 774 4814 suis
799 4748 937 4813 numeris
998 4749 1162 4815 «Causam
1182 4751 1266 4814 enim
1289 4748 1448 4832 suscepisti
1470 4747 1675 4831 antiquiorem
1696 4745 1843 4810 memoria

90 4851 235 4932 mino,
246 4851 435 4918 antecedens
446 4868 560 4916 nomen
574 4856 607 4914 et
618 4849 707 4932 praeit
718 4855 751 4912 et
764 4848 847 4912 subit
859 4846 938 4911 rela-
995 4856 1059 4929 tue,
1081 4869 1147 4933 quc
1169 4869 1256 4914 cocao
1276 4856 1349 4913 ante
1366 4854 1565 4926 mortuaest,
1587 4865 1682 4929 quam
1699 4851 1734 4910 tu
1754 4852 1844 4909 uatus

90 4952 194 5016 dvnm.
218 4951 325 5017 Cicero
347 4949 387 5014 ad
412 4949 516 5024 Quint.
545 4947 608 5027 ur,
634 4949 657 5012 l.
681 4937 736 5025 lll,
759 4966 810 5030 ep.
831 4949 863 5016 3,
884 4948 898 5007 1
928 4963 936 5008 :
995 4966 1088 5011 esses.
1103 4968 1119 5006 o
1137 4945 1486 5023 transmitterem.
1503 4944 1531 5023 l,
1548 4963 1576 5008 c.
1592 4946 1624 5022 2,
1642 4945 1662 5005 2
1677 4960 1686 5005 τ
1704 4939 1843 5006 «Orato-

95 5051 205 5115 albem
223 5051 301 5114 scito
322 5066 391 5112 esse
410 5047 544 5124 nullum,
559 5046 753 5129 quadienou
766 5044 868 5107 dicam
881 5060 938 5124 pro
994 5046 1180 5112 risollicium
1202 5053 1260 5125 est,
1274 5047 1313 5110 de
1327 5046 1363 5108 iis
1378 5043 1462 5108 redas
1475 5062 1565 5127 posse
1586 5042 1704 5120 dicere,
1714 5060 1781 5124 qaae
1795 5061 1843 5105 res

91 5167 154 5214 reo.
175 5171 193 5212 ι
214 5148 301 5213 idern
323 5164 383 5230 pro
404 5145 481 5209 Rab.
507 5144 647 5227 perduel.
669 5163 736 5222 reo,
759 5161 787 5206 c.
811 5144 842 5220 9,
865 5143 905 5205 25
928 5162 936 5206 ε
996 5144 1035 5208 ad
1055 5163 1146 5209 usum
1167 5143 1299 5220 civilem,
1318 5149 1380 5207 etc.
1401 5165 1417 5204 r
1436 5141 1545 5222 Cesar,
1564 5139 1652 5204 Bello
1667 5139 1760 5218 Gall,
1775 5139 1797 5203 l.
1812 5139 1842 5218 l,

90 5303 278 5321 ..-...,,...
638 5301 751 5314 ......
996 5264 1027 5309 e.
1042 5247 1062 5307 6
1076 5267 1084 5308 :
1102 5243 1225 5306 «Erant
1235 5241 1480 5306 omninoitinerc
1492 5241 1567 5318 duo,
1582 5239 1682 5323 patae
1695 5237 1845 5301 itineratus

118 5389 153 5456 (1)
171 5389 241 5441 flaua
252 5389 368 5441 exlatere
386 5387 540 5448 lectionem,
555 5385 672 5450 altasque
689 5388 797 5435 annotat
812 5380 938 5444 Oreltiua;
996 5344 1091 5456 d⁰f¹¹⁰
1110 5341 1192 5407 “ire
1211 5346 1327 5424 met·
1342 5339 1411 5454 {1¹¹
1430 5339 1478 5403 his
1495 5338 1645 5421 exemplis
1657 5343 1750 5420 au{¹¹⁰
1766 5335 1843 5415 amsa

89 5469 143 5538 lpse
159 5469 250 5524 uba:
269 5469 372 5532 «aaa
384 5481 444 5522 erm
464 5468 585 5530 nano...
606 5465 679 5531 poert
693 5463 841 5529 epistolam,
860 5469 939 5516 aaa.»
996 5443 1120 5526 qulbus,
1144 5459 1185 5506 ne
1203 5441 1316 5523 longus
1341 5458 1410 5522 suu,
1433 5438 1637 5522 supersedeo,
1659 5434 1846 5501 antecedens

1646 5557 1685 5618 ³0
