4646 6164
715 595 758 648 uu
777 594 949 648 nonaum
966 591 1262 647 cousrnucrroua.
1786 565 1860 644 385

123 742 240 819 latur.
259 734 326 812 Est
339 728 445 811 enim
460 731 594 832 fipuro
608 755 707 808 nova
723 728 906 835 loquendi
920 727 1017 808 ratio
1039 753 1061 806 a
1081 725 1168 804 trito
1187 733 1226 804 et
1239 699 1386 830 vulgari
1405 747 1581 802 sermone
1600 731 1760 824 remota,
1777 751 1860 828 quae

123 865 204 945 lere
220 857 368 938 ratione
383 853 513 957 aliqua
526 853 675 932 nititur.

163 1093 195 1154 Si
217 1091 320 1172 magui
342 1095 494 1166 auctores,
522 1107 594 1152 cum
621 1094 722 1171 partes
749 1086 892 1151 orationis
914 1091 968 1148 aut
1023 1081 1324 1164 legesllerbioausa,
1333 1081 1431 1162 inquit
1443 1081 1561 1158 Cicero,
1572 1082 1657 1144 Verr.
1673 1089 1732 1145 aot.
1744 1084 1865 1163 ll,l.ll,

123 1207 231 1254 earum
250 1187 394 1251 attributa
409 1192 596 1268 permutant,
616 1187 648 1250 iu
670 1185 877 1249 soloecismum
895 1184 970 1246 inci·
1025 1200 1053 1244 c.
1075 1185 1123 1258 tl,
1138 1182 1198 1242 37:
1226 1178 1476 1260 «Hominemque
1490 1178 1522 1239 id
1542 1180 1648 1250 etatis,
1663 1179 1788 1244 minime
1802 1182 1866 1244 liti-

123 1289 214 1365 dunt,
230 1286 348 1363 Cicero,
368 1285 541 1360 Terentius,
555 1285 662 1361 Caesar,
677 1284 838 1365 ceterique
852 1282 969 1363 antiqui
1025 1279 1156 1358 giosum,
1164 1296 1256 1359 quam
1263 1276 1531 1339 tumultuosissime
1545 1277 1752 1340 adoriantur.r
1767 1278 1865 1354 idem,

123 1404 189 1449 nou
202 1403 274 1448 raro
283 1384 343 1446 boc
357 1382 430 1446 vitio
443 1383 629 1445 laborarunt.
640 1382 707 1444 Nou
718 1387 765 1444 est
778 1381 871 1460 igitur
882 1379 971 1442 soloe·
1027 1376 1127 1452 Fam,
1140 1376 1161 1436 l.
1177 1373 1228 1452 Vl,
1242 1393 1291 1456 ep.
1314 1377 1365 1446 20,
1377 1377 1414 1435 3:
1435 1397 1450 1435 a
1464 1373 1508 1435 lta
1521 1375 1649 1437 viximus
1669 1383 1700 1438 et
1713 1375 1745 1436 id
1765 1379 1869 1439 etatis

123 1481 248 1555 sumus,
270 1477 325 1540 sed
342 1477 478 1539 schema.
494 1475 634 1548 Quamvis
653 1473 737 1536 uhoo
756 1473 841 1554 quod
859 1473 971 1535 aalma
1024 1473 1089 1552 jam
1103 1490 1220 1549 sumus,
1237 1476 1269 1532 ut
1282 1470 1383 1533 omnia
1400 1490 1468 1552 quae
1481 1489 1542 1534 uon
1556 1478 1658 1534 nostra
1670 1472 1761 1552 culpa
1775 1473 1836 1535 nob
1843 1476 1869 1536 is

122 1581 264 1652 vocatur,
287 1574 386 1656 inquit
402 1572 619 1650 Quintilianus,
641 1572 663 1633 l.
682 1571 707 1648 l,
722 1591 750 1634 o.
775 1574 804 1648 5,
820 1572 870 1646 53,
895 1569 920 1632 si
933 1570 972 1633 ab
1028 1570 1178 1646 accidant,
1198 1567 1316 1631 fortiter
1336 1567 1414 1630 ferre
1434 1568 1611 1632 debeamus.
1634 1591 1650 1628 a
1674 1569 1864 1650 Elegantiam

123 1669 230 1752 aliquo
246 1688 302 1750 per
311 1667 547 1749 imprudentiam
559 1665 675 1730 lactum
688 1670 758 1742 erit,
767 1666 920 1728 sotoeeumi
927 1665 971 1728 vi·
1029 1668 1120 1747 hujus
1135 1666 1293 1728 locutionis
1305 1684 1412 1729 omnes
1430 1665 1627 1743 admirantur,
1643 1667 1789 1730 rationem
1806 1667 1869 1732 lor·

122 1767 167 1830 tio
187 1785 252 1830 non
270 1765 426 1829 carebit.»
450 1765 633 1832 Eustathius,
654 1764 685 1825 in
705 1762 811 1843 Odyss.
824 1763 856 1841 λ,
871 1762 974 1826 docet
1030 1771 1108 1827 tasse
1129 1781 1219 1826 nemo
1241 1762 1329 1825 facile
1352 1763 1507 1825 invenerit.
1532 1763 1639 1845 Neque
1653 1765 1734 1826 enim
1748 1766 1869 1829 videtur

124 1882 196 1946 quae
218 1882 298 1927 nove
319 1865 508 1944 figurataque
538 1863 577 1924 ab
597 1861 730 1924 Homero
753 1861 881 1941 aliisque
903 1859 975 1922 viris
1030 1863 1236 1938 hellenismus,
1251 1879 1323 1923 cum
1344 1861 1470 1922 aflirmet
1482 1861 1612 1924 Budaeus
1630 1862 1660 1924 iu
1679 1861 1872 1926 Commenta-

123 1962 227 2026 doetis
241 1961 395 2040 dicuntur,
415 1980 479 2024 non
490 1960 707 2036 soloecismum,
722 1959 775 2022 sed
790 1959 972 2040 σολοικοφανῆ
1030 1959 1081 2022 riis
1093 1960 1203 2039 linguae
1211 1978 1327 2040 graeoae,
1343 1977 1374 2039 p.
1391 1961 1480 2036 1049,
1496 1977 1557 2021 non
1572 1978 1638 2021 esse
1649 1962 1731 2041 apud
1747 1960 1872 2024 Graeoos

124 2068 273 2140 σχῆματα,
295 2060 354 2122 boe
376 2065 434 2133 est,
448 2059 592 2120 schemata
614 2077 679 2140 que
691 2058 797 2138 sonem
809 2056 916 2119 labent
928 2076 972 2118 so-
1031 2057 1142 2120 similes
1163 2056 1341 2119 locutiones.
1356 2056 1461 2137 ltaque
1474 2074 1545 2118 oum
1559 2056 1613 2118 viri
1625 2056 1708 2119 docti
1727 2056 1757 2117 in
1771 2076 1870 2138 gram·

123 2157 260 2234 munti,
275 2164 328 2219 aut
339 2155 515 2236 simpliciter
524 2155 668 2217 sobenota
679 2161 799 2217 tantuma
814 2154 974 2236 appellari,
1032 2156 1212 2218 matioorum
1230 2154 1314 2234 leges
1334 2155 1458 2217 minime
1478 2155 1616 2234 jurarint,
1638 2154 1864 2219 observabimus

122 2261 354 2338 peccatumque
376 2272 441 2316 esse
467 2253 685 2330 voluntarium,
707 2271 770 2317 uon
792 2252 831 2314 ab
855 2253 972 2315 inscitia
1031 2260 1124 2335 atque
1143 2252 1322 2333 colligemus
1341 2251 1502 2332 diligenter
1516 2271 1585 2334 quae
1607 2271 1662 2314 sua
1682 2260 1791 2335 sponte
1805 2255 1873 2317 ele-

121 2353 316 2436 proleetum.
335 2351 548 2415 Soloeeismnm
560 2369 633 2415 vero
651 2369 717 2414 esse
737 2357 898 2433 peccatum
911 2370 974 2413 non
1032 2361 1139 2432 gauter
1153 2351 1302 2430 dixerunt,
1317 2356 1351 2413 ut
1361 2369 1397 2412 ea
1409 2351 1495 2412 uobis
1508 2350 1547 2412 ad
1561 2351 1741 2414 imitandum
1760 2369 1875 2432 propo·

122 2452 298 2526 voluntate,
318 2449 371 2512 sed
386 2449 554 2529 ignorantia
572 2449 780 2512 commissum.
805 2447 974 2527 «Schema,
1032 2466 1222 2521 namus‚non
1235 2447 1317 2510 utad
1331 2447 1717 2528 grammaticaenormamet
1727 2447 1876 2528 angustiis

120 2555 160 2612 ut
174 2549 262 2612 idem
275 2546 477 2620 Quintilianus
490 2547 542 2624 ait,
557 2545 620 2609 lere
633 2546 724 2608 babet
737 2547 871 2629 aliquam
883 2548 973 2610 rotie
1034 2547 1257 2626 eadirigamus.
1272 2546 1321 2624 Et,
1333 2554 1367 2608 ut
1379 2546 1461 2627 quod
1475 2546 1573 2608 sentio
1586 2546 1715 2608 breviter
1723 2546 1838 2623 dicam,
1850 2545 1874 2607 si

119 2663 221 2725 nem;
237 2667 255 2704 a
272 2663 379 2707 verum
399 2663 438 2708 ne
458 2645 588 2706 nimium
606 2643 646 2707 sis
666 2643 813 2707 sollicitus
831 2644 869 2706 de
883 2645 978 2708 ratio·
1034 2629 1215 2724 tubis-apta,
1229 2649 1296 2706 tum
1309 2644 1407 2706 soluta
1415 2644 1549 2706 oratioue
1558 2644 1718 2706 emendate
1729 2649 1782 2706 aut
1795 2643 1875 2706 sori-

119 2743 223 2806 uibus
245 2740 487 2821 investigandis:
509 2741 661 2803 interdum
683 2741 839 2825 enimpro
862 2740 978 2805 ratione
1033 2743 1104 2804 bere
1114 2749 1166 2804 aut
1175 2740 1259 2823 loqui
1268 2740 1384 2816 studes,
1395 2740 1449 2802 tibi
1461 2759 1514 2803 eos
1526 2741 1578 2821 qui
1587 2748 1713 2822 utraque
1727 2739 1875 2804 facultate

119 2847 174 2904 est
193 2839 341 2903 voluntas
354 2845 445 2919 atque
460 2857 534 2901 usus
552 2839 808 2917 doctissimorum,
825 2859 893 2920 quae
911 2841 978 2921 plu·
1034 2859 1094 2922 prae
1108 2839 1225 2902 caeteris
1242 2838 1421 2916 lloruerunt,
1433 2838 1594 2902 imitandos
1607 2856 1755 2921 propone.

115 2939 164 3000 ris
187 2943 264 3000 sunt
283 2933 422 2999 iacienda
442 2954 535 3017 quam
556 2936 823 3015 grammaticorum
839 2939 978 3001 omnium

861 3315 1166 3394 ENALLAGE

173 3587 284 3665 419.
314 3586 505 3692 anllope
518 3587 712 3696 figuraest
725 3615 814 3669 cum
829 3616 915 3696 pars
928 3616 1004 3668 una
1017 3589 1199 3669 orationis
1212 3616 1279 3695 pro
1295 3590 1371 3669 alia
1385 3590 1556 3695 ponitur.

174 3710 339 3808 Cicero,
362 3712 462 3810 Ata,
485 3711 513 3789 l.
538 3713 636 3811 Xlll,
653 3739 715 3817 ep.
734 3713 798 3814 28,
817 3714 840 3793 2
860 3745 868 3792 :
889 3747 909 3787 «
922 3714 1044 3810 Quam
1062 3713 1166 3793 euim
1185 3714 1304 3819 turpis
1321 3722 1378 3795 est
1397 3713 1613 3813 assentatio,
1638 3740 1727 3795 oum
1752 3720 1877 3796 viuere

100 3842 266 3943 aps-um
283 3840 394 3938 turpe
407 3833 455 3912 sit
469 3834 593 3913 nobis.
606 3868 627 3910 »
642 3836 746 3916 ldem
761 3837 808 3915 ad
822 3838 1016 3937 eumdem,
1033 3838 1060 3916 l.
1079 3839 1145 3937 Xl,
1159 3863 1221 3943 ep.
1240 3839 1303 3937 24,
1322 3839 1370 3916 l:
1393 3869 1414 3911 «
1426 3837 1655 3920 Philotimus
1666 3865 1744 3920 non
1759 3841 1874 3920 modo

98 3962 270 4040 mallus
292 3957 414 4057 venit,
440 3957 505 4038 sed
529 3970 670 4063 n'e'per
689 3960 817 4041 literas
837 3961 1008 4066 quidem,
1034 3970 1100 4042 aut
1120 3988 1188 4068 per
1210 3962 1392 4042 nuntium
1412 3962 1612 4054 certiorem
1638 3963 1728 4044 lacit
1751 3989 1877 4044 me.»

95 4083 358 4183 Terentius,
374 4083 496 4162 Andr.
515 4091 588 4163 aet.
609 4085 674 4178 lV,
692 4111 746 4164 so.
765 4086 804 4184 3,
819 4111 855 4163 v.
873 4086 949 4166 716
968 4119 977 4165 :

605 4320 745 4339 .....
767 4276 810 4340 lta
821 4279 901 4359 facto
915 4284 962 4341 est
973 4296 1061 4359 opus.

142 4519 224 4584 llic
242 4512 340 4578 vides
352 4518 454 4594 partes
467 4513 611 4577 orationis
623 4514 705 4578 iuter
716 4533 749 4577 se
761 4519 963 4579 commutatas
980 4534 988 4578 :
1046 4515 1099 4578 vit.
1111 4521 1140 4577 o·
1150 4516 1265 4596 Cicero,
1279 4518 1318 4582 de
1332 4519 1445 4594 lliviu„
1457 4519 1478 4580 l.
1490 4517 1530 4596 ll,
1545 4537 1573 4580 e.
1595 4521 1645 4595 31,
1661 4521 1721 4579 67:
1749 4517 1878 4599 «anue

86 4623 225 4688 mim
244 4614 353 4695 ipsam
372 4628 429 4692 pro
448 4611 510 4672 vita
531 4613 605 4692 ipsa
623 4611 752 4676 verbum
773 4631 829 4693 pro
849 4614 989 4693 nomine;
1047 4622 1144 4692 scuta,
1167 4635 1235 4698 quae
1256 4616 1376 4681 lucrant
1395 4616 1516 4679 sublime
1546 4616 1617 4692 fixa,
1633 4621 1710 4678 ‘sunt
1733 4615 1822 4678 humi
1846 4615 1890 4676 in-

84 4716 225 4782 ..ιιω
261 4725 327 4790 pro
349 4726 417 4784 aaa,
441 4726 555 4772 nomen
578 4729 634 4791 pro
657 4709 817 4790 adverbio;
837 4712 917 4792 facto
935 4730 992 4793 pro
1048 4720 1146 4776 venta.
1162 4735 1177 4773 r
1194 4714 1291 4791 ldem,
1305 4714 1343 4777 de
1357 4714 1495 4790 Senect.,
1520 4732 1549 4777 o.
1565 4717 1616 4791 ll,
1636 4716 1693 4776 38:
1712 4713 1835 4776 «Venio
1852 4713 1884 4773 in

78 4813 191 4900 fieri,
213 4804 434 4892 participium
445 4825 500 4887 pro
511 4806 616 4872 verbo.
631 4807 738 4890 Neque
752 4808 912 4890 quisquam
924 4815 991 4871 tam
1048 4818 1187 4874 senatum
1200 4813 1374 4894 frequens.»
1389 4847 1430 4860 -
1442 4811 1492 4875 Sic
1505 4820 1634 4889 torvum,
1648 4810 1840 4888 torrendum,
1856 4815 1887 4872 at

79 4919 267 4982 demens
281 4903 356 4981 erit,
372 4911 406 4966 ut
426 4904 531 4967 credat
552 4905 728 4969 Terentium
742 4911 795 4968 aut
814 4905 992 4969 Ciceronem
1049 4908 1148 4971 aliaid
1161 4927 1257 4988 genus
1270 4909 1351 4992 apud
1364 4915 1481 4992 poetas.

77 5007 354 5084 „maun
367 4999 485 5066 lauisse.
498 5001 551 5066 Est
563 5021 636 5085 ergo
655 5003 792 5083 schema,
809 5002 871 5066 sive
883 5003 994 5084 ligura,
1089 5005 1206 5068 Nomen
1231 5006 1350 5069 interim
1372 5008 1440 5070 loco
1461 5005 1681 5086 interjectionis
1701 5005 1889 5086 indignantis

76 5127 172 5198 qm
183 5098 363 5178 malope
375 5099 495 5162 dicitur.
511 5098 587 5162 Sunt
602 5107 633 5164 et
647 5101 706 5164 alia
716 5098 842 5163 nomina
856 5118 925 5181 quae
940 5118 995 5180 pro
1049 5103 1305 5185 penitudinem,
1317 5104 1401 5167 Verr.
1414 5110 1475 5167 act.
1485 5104 1522 5182 ll,
1532 5105 1553 5167 l.
1563 5104 1599 5182 ll,
1609 5125 1638 5167 c.
1652 5107 1701 5181 l'l,
1713 5105 1771 5166 ta:
1789 5102 1884 5175 «oue
1974 5105 1979 5124 '

74 5197 296 5279 ,dm-hiis
316 5202 486 5275 ponuntur,
508 5202 543 5258 ut
564 5215 675 5274 recen,
693 5195 826 5272 sublime,
845 5197 994 5278 frequens.
1051 5199 1182 5262 mduml
1204 5201 1260 5264 ista
1285 5199 1343 5264 tuit
1360 5201 1536 5265 amentiata
1566 5201 1678 5265 Contra
1706 5199 1883 5262 adverbium

73 5297 311 5377 Suetonius
336 5291 369 5353 in
392 5291 506 5371 Tiber„
527 5313 556 5357 c.
572 5298 610 5358 t:
638 5293 741 5356 clude
755 5293 886 5358 Romam
900 5313 997 5358 recen
1051 5297 1213 5380 aliquando
1233 5303 1333 5380 partes
1350 5299 1480 5362 nominis
1511 5298 1582 5380 agit.
1608 5298 1746 5374 Plautus,
1767 5296 1888 5358 llercat.

71 5403 301 5481 „mium
323 5407 397 5453 eum
409 5409 519 5472 inagna
533 5391 682 5456 clientum
702 5392 996 5474 mauu‘commigra·
1052 5401 1112 5458 aet.
1127 5394 1164 5474 ll,
1175 5415 1219 5460 se.
1232 5399 1263 5473 2,
1276 5416 1306 5461 v.
1321 5400 1380 5462 os:
1406 5395 1666 5460 «necesstiate
1683 5393 1797 5457 Plinius
1805 5437 1816 5472 ,
1829 5391 1892 5456 lv

1701 5510 1742 5574 ll
