4680 6166
468 518 518 596 34
1065 548 1109 598 nn
1129 545 1319 599 vnnaoaou
1340 545 1615 597 contueremur.

467 682 503 740 nt
523 677 667 755 diximus,
683 676 823 741 nonnulli
840 676 1043 758 appellarunt,
1058 685 1218 759 propterea
1231 677 1316 760 quod

467 775 618 840 mandatis
636 775 743 838 dandis
763 775 894 838 maxirne
916 777 955 839 sit
973 776 1146 858 appositum
1155 795 1166 855 ;
1183 795 1315 859 quorum

467 879 635 957 utrumque
648 874 790 954 Virgilius
802 892 874 937 cum
887 881 1037 956 presente
1058 874 1162 956 paucis
1175 875 1315 938 carmini·

467 974 524 1036 bus
535 973 715 1054 complexus
728 977 784 1035 est.
799 971 870 1036 AEn.
885 971 923 1049 ΙΙ,
939 992 968 1034 v.
981 974 1039 1034 547
1057 989 1065 1034 :

531 1130 578 1182 Cui
587 1130 716 1194 Pyrrhus:
732 1131 833 1202 Resercc
846 1145 909 1197 ergo
922 1131 977 1183 bec
985 1138 1013 1182 et
1023 1133 1129 1184 nuntius
1141 1133 1193 1184 ibic

530 1210 625 1263 Pelidae
634 1212 759 1276 genitori:
768 1212 806 1262 illi
816 1225 873 1263 mea
884 1212 967 1263 triaue
980 1211 1047 1263 facta

465 1327 467 1330 -
530 1293 741 1357 Degeneremque
754 1292 950 1358 Neoptolemum
962 1307 1066 1345 narrare
1078 1299 1213 1345 memento.

530 1373 724 1425 Nuncrnorcre.

469 1520 559 1585 llides
575 1521 749 1584 mandative
761 1521 882 1604 referes,
899 1521 962 1599 ibn,
979 1532 1237 1606 nemenio,quam
1250 1543 1320 1606 pro-

468 1617 535 1700 prie
549 1618 609 1682 sint
618 1619 775 1700 apposita?
789 1618 856 1681 lam
866 1637 937 1683 vero
949 1619 1024 1683 illud
1032 1617 1120 1682 Nunc
1128 1639 1244 1684 morere
1255 1627 1319 1684 tem

468 1735 603 1799 presens
625 1724 672 1780 est
689 1735 784 1799 quam
806 1717 891 1799 quod
911 1717 1191 1800 presentissimum.
1222 1719 1319 1797 ldenr,

469 1813 559 1894 ibid,
570 1815 624 1894 ΙΙΙ,
639 1835 670 1879 v.
685 1819 745 1879 'lto
761 1835 770 1879 :

533 1978 584 2030 Olli
596 1978 734 2030 subridens
746 1977 836 2030 sedato
849 1985 954 2043 pectore
966 1977 1069 2029 Turnus
1083 1991 1090 2029 :

532 2059 631 2124 incipe,
638 2059 660 2110 ai
670 2072 720 2124 qna
730 2058 817 2110 animo
826 2058 918 2122 virtus,
929 2065 957 2110 et
965 2072 1071 2110 comere
1083 2057 1218 2123 dextram

532 2138 581 2190 llic
589 2139 668 2190 etiarn
679 2139 813 2191 inventum
827 2138 930 2190 Priamo
939 2138 1069 2190 narrabis
1080 2138 1214 2190 Achillem.

471 2281 598 2348 Plautus
621 2284 652 2347 in
680 2284 802 2348 llercat.
823 2292 885 2347 act.
900 2283 941 2362 ΙΙ,
965 2302 1009 2347 sc.
1025 2285 1056 2362 ⁶2,
1079 2302 1111 2346 r.
1133 2287 1165 2360 6,
1181 2283 1321 2365 praesenti

471 2383 599 2464 quidem
612 2388 751 2465 ternpore
765 2401 885 2448 servum
897 2383 929 2446 in
939 2382 1043 2446 villam
1052 2382 1139 2462 jubet
1147 2381 1205 2460 ire,
1218 2381 1323 2445 futuro

472 2499 544 2546 vcro
557 2482 701 2545 mandata
715 2483 788 2545 dat:

535 2642 549 2692 1
561 2648 590 2694 tu
604 2642 664 2694 binc
678 2643 710 2694 ad
722 2644 821 2706 uillam,
834 2651 912 2710 atque
920 2645 985 2696 istos
997 2649 1095 2696 rastros
1105 2642 1191 2696 villico

535 2722 633 2775 Praesto
643 2723 693 2789 ipsi
702 2724 784 2790 {coito
796 2738 882 2776 coram
894 2730 923 2776 nt
931 2725 1018 2776 tradas
1031 2725 1058 2775 in
1071 2737 1186 2776 manum.

537 2802 615 2854 Uxori
625 2803 706 2868 {acilo
717 2811 746 2855 ut
758 2805 874 2868 nunties,
887 2807 1022 2870 negotium

537 2881 599 2933 llibi
612 2895 670 2935 esse
680 2885 707 2935 in
719 2884 794 2947 urbe,
803 2898 837 2936 ne
849 2897 890 2935 me
899 2890 1052 2949 exspectet:
1065 2898 1124 2936 nam
1138 2885 1200 2935 mibi

537 2961 611 3013 'freis
621 2962 698 3014 bodie
708 2963 777 3014 litels
787 2961 941 3027 iudicandas
951 2963 1032 3016 dicito
1045 2977 1054 3015 :

536 3042 560 3106 1,
569 3043 654 3095 etboc
667 3048 793 3095 mommio
801 3043 898 3098 dicere.

547 3245 606 3316 34.
651 3274 831 3321 rurennrrvr
852 3276 930 3321 uonr
949 3275 1071 3322 rnuros
1091 3278 1242 3323 praeseus.

531 3439 666 3534 Amas,
688 3463 705 3516 s
721 3439 863 3540 ableto,
883 3442 934 3544 fit
949 3467 1055 3544 eme;
1072 3442 1200 3522 codem
1215 3439 1325 3521 modo

477 3559 587 3663 doce,
605 3562 710 3643 audi.

476 3727 584 3833 Sc'nq.
637 3729 739 3806 Ama
751 3726 813 3807 cel
826 3737 967 3830 amato,

638 3854 769 3932 Amet.

478 3975 590 4056 Plnr.
638 3981 841 4077 Amemus,

637 4106 778 4184 Amale
796 4105 858 4184 ccl
877 4111 1057 4203 amatote,

639 4233 800 4310 Ament.

820 4467 987 4529 mennon,

519 4605 576 4670 Vel
585 4605 687 4688 potius
698 4623 794 4669 uonus
804 4621 997 4669 uuunarrvus
1009 4603 1072 4694 sive
1086 4617 1253 4680 maurotus,
1269 4601 1329 4664 boc

480 4711 527 4771 est
553 4723 615 4787 quo
637 4703 790 4787 precipue
815 4704 971 4783 mandata,
1002 4707 1156 4783 precepta
1183 4699 1330 4782 legesque

479 4805 602 4870 dantur.

535 4968 667 5066 Amet,
690 4963 822 5045 addito
836 4990 871 5064 o,
889 4965 1108 5068 fitama1o3
1133 4965 1244 5040 siccin
1262 4985 1333 5040 ce·

481 5097 575 5174 terc's
595 5091 939 5197 conjnqotr‘onc'bnr.

480 5258 590 5362 Βίης.
643 5258 785 5335 Amato
802 5261 858 5351 tu,
875 5253 936 5332 cel
951 5247 1113 5348 amabis,

643 5385 785 5462 Amato
799 5378 881 5480 ille,
898 5379 960 5460 cel
975 5373 1132 5458 amabil.

1374 679 1484 757 Plnr.
1533 673 2006 776 Amelote‚oclcmabitis,

1534 806 1720 899 Amanto,
1737 803 1799 880 cel
1814 799 2015 880 amabunt.

1416 1016 1514 1080 Prima
1528 1036 1658 1100 persona
1672 1016 1832 1097 singularis
1844 1015 1894 1078 hic
1916 1015 2020 1078 locum
2036 1013 2150 1077 babere
2166 1031 2229 1076 non

1376 1122 1488 1196 potest,
1510 1117 1565 1179 nisi
1589 1117 1658 1198 quis
1682 1115 1736 1179 sibi
1754 1122 1902 1197 tanquam
1922 1115 2063 1177 secunde
2085 1113 2228 1194 imperet,

1376 1233 1471 1295 seque
1491 1221 1638 1295 tanquam
1659 1214 1789 1276 alterum
1809 1213 2001 1294 alloquatur;
2017 1209 2060 1274 sic
2076 1209 2231 1273 llelibaeus

1377 1330 1410 1374 se
1424 1311 1599 1394 alloquitur,
1615 1311 1712 1392 Virg,
1728 1309 1836 1391 Eclog.
1853 1311 1876 1388 Ι,
1889 1329 1918 1372 ιι.
1934 1312 1997 1372 ll:

1439 1475 1527 1526 liuere
1540 1489 1618 1538 nune,
1630 1475 1756 1538 llelibee,
1766 1487 1854 1539 pyros,
1861 1487 1931 1540 ponc
1944 1473 2036 1525 ordine
2045 1472 2124 1538 rites;

1378 1627 1409 1684 et
1421 1622 1559 1700 Terent,
1573 1620 1705 1703 Adelph.
1720 1628 1781 1683 act.
1796 1619 1835 1697 V,
1848 1640 1891 1683 sc.
1908 1624 1939 1697 l,
1954 1639 1983 1681 v.
2000 1621 2058 1682 '167
2076 1637 2084 1681 :

1440 1786 1559 1851 AEdepol,
1570 1785 1682 1849 Syrisce,
1693 1789 1720 1834 te
1734 1784 1832 1835 curasti
1844 1783 1966 1846 molliter,

1347 1891 1351 1916 ι
1441 1867 1575 1932 Lauteque
1587 1878 1682 1918 munus
1692 1865 1877 1916 administrasti
1886 1870 1974 1927 tunm;

1440 1947 1502 2000 Ati.

1418 2088 1567 2152 Secunde
1587 2107 1724 2167 persone
1738 2087 1894 2170 presentis
1907 2085 2052 2168 temporis
2065 2089 2236 2151 secundam

1378 2186 1471 2250 futuri
1486 2196 1515 2248 io
1530 2187 1646 2270 syllaba
1659 2187 1853 2250 terminatam
1872 2186 2080 2266 adjunximus,
2095 2191 2236 2267 propter·

1381 2305 1417 2348 ea
1430 2286 1514 2368 quod
1532 2304 1764 2368 sepenumero,
1779 2292 1815 2347 ut
1832 2283 1981 2362 diximus,
1995 2283 2239 2364 reciproeentur,

1379 2390 1473 2466 atque
1487 2383 1582 2447 altera
1595 2403 1651 2465 pro
1665 2384 1759 2446 altera
1773 2389 1913 2466 ponatur.

1420 2481 1527 2545 Tertie
1551 2501 1689 2564 persone
1708 2500 1771 2546 non
1791 2483 1856 2545 ausi
1876 2501 1982 2545 snmus
1999 2481 2121 2544 tertiam
2141 2480 2239 2543 futuri

1381 2581 1507 2658 addere,
1528 2583 1612 2663 quod
1633 2581 1697 2644 iere
1716 2599 1876 2663 nunquam
1895 2581 2063 2663 reperiatur
2083 2580 2166 2662 apud
2184 2599 2240 2644 eos

1382 2680 1434 2761 qui
1448 2680 1548 2743 soluta
1562 2680 1701 2744 oratione
1722 2679 1919 2760 scripserunt,
1935 2679 2070 2760 exceptis
2083 2679 2242 2760 legislato-

1383 2777 1478 2855 ribus,
1499 2784 1532 2839 ut
1553 2778 1637 2857 leges
1658 2776 1828 2840 Duodecim
1852 2775 2037 2840 Tabularum
2060 2776 2186 2855 docent,
2208 2783 2242 2840 et

1383 2893 1427 2937 eae
1437 2895 1513 2957 quas
1523 2875 1596 2938 Cato
1606 2875 1644 2938 de
1654 2875 1699 2938 Re
1711 2875 1822 2938 rustica
1839 2874 1957 2956 scripsit
1974 2876 2049 2938 olee
2064 2875 2240 2956 pendentis,

1383 2993 1412 3037 o.
1438 2977 1512 3053 1463
1535 2973 1684 3054 legende,
1710 2993 1738 3037 o.
1763 2978 1837 3054 ΙΙΙ,
1851 2973 2013 3051 faciende,
2029 2993 2057 3036 c.
2083 2976 2155 3052 145,
2179 2973 2243 3036 vini

1384 3073 1557 3156 pendentiS,
1590 3093 1619 3136 o.
1652 3076 1724 3151 ΙΙΙ,
1749 3079 1780 3136 et
1805 3073 1836 3136 id
1863 3093 1961 3154 genus
1989 3079 2116 3136 cetere.
2139 3071 2244 3135 unte

1385 3173 1476 3236 etiam
1491 3177 1562 3234 sunt
1572 3170 1655 3253 apud
1668 3169 1858 3249 Cicemnem,
1868 3172 1906 3235 de
1919 3171 2006 3253 Leg,
2016 3172 2040 3234 Ι.
2050 3170 2103 3250 ΙΙΙ,
2116 3189 2145 3234 c.
2157 3173 2176 3232 3
2180 3175 2243 3250 ,ὃς

1389 3295 1404 3333 ι
1417 3272 1502 3335 Iusta
1515 3271 1641 3352 imperia
1654 3279 1757 3348 snnto;
1766 3269 1863 3352 iisque
1878 3269 1959 3334 cives
1972 3271 2111 3333 modeste
2125 3289 2161 3332 ao
2175 3270 2246 3334 sine

1384 3369 1573 3434 recusatione
1588 3379 1747 3452 porreto.»
1764 3369 1853 3447 ibid,
1865 3389 1893 3432 c.
1907 3373 1938 3448 3,
1952 3372 1993 3432 8:
2010 3368 2132 3449 «Regio
2144 3368 2248 3451 impe-

1384 3470 1429 3534 rio
1438 3470 1610 3534 dnosnnto:
1620 3469 1701 3553 iique
1710 3469 1888 3551 preeundo,
1892 3468 2248 3549 judicando‚consulen-

1385 3569 1426 3633 do
1440 3567 1596 3646 Praetores,
1613 3567 1748 3646 ludices,
1762 3568 1908 3632 Consules
1918 3567 2118 3650 appellantor.
2129 3565 2250 3631 Militiae

1385 3685 1541 3730 summum
1552 3669 1602 3748 jus
1616 3666 1738 3730 debente
1744 3711 1755 3745 ,
1778 3665 1894 3731 nemini
1913 3673 2051 3747 porceto,
2071 3664 2138 3727 ollis
2160 3665 2250 3728 salus

1386 3765 1493 3848 populi
1516 3783 1661 3846 suprema
1680 3763 1730 3827 lex
1749 3772 1845 3826 esto.»
1870 3762 1986 3826 Eadem
2004 3767 2104 3842 poete
2122 3761 2250 3842 legibus

1385 3863 1518 3927 serendis
1540 3869 1678 3927 utuntur.
1702 3861 1858 3943 Virgilius,
1882 3861 1954 3925 AEn.
1976 3859 2013 3938 V,
2038 3879 2066 3922 v.
2087 3863 2160 3938 308,
2190 3860 2249 3924 ubi

1386 3964 1469 4045 leges
1481 3964 1675 4046 premiorum
1691 3963 1730 4025 ab
1743 3961 1840 4026 AEnea
1854 3961 2039 4036 indicuntur,
2056 3961 2099 4023 sic
2115 3960 2181 4023 ait:

1450 4123 1576 4176 Omnibus
1586 4123 1629 4175 bic
1640 4123 1690 4174 erit
1700 4136 1768 4174 unus
1776 4123 1870 4186 bonos,
1880 4127 1934 4173 tres
1949 4122 2055 4186 premia
2066 4112 2144 4186 primi

1449 4205 1595 4272 Accipient,
1606 4206 1723 4270 flavaque
1730 4211 1808 4269 caput
1815 4208 1951 4256 nectentur
1962 4203 2040 4255 oliva.

1449 4285 1552 4337 Primus
1562 4299 1657 4352 equum
1669 4285 1783 4350 phaleris
1794 4285 1922 4349 insignem
1935 4284 2018 4335 victor
2027 4282 2131 4334 habeto.

1450 4367 1553 4417 Tertius
1566 4366 1684 4430 Argolica
1696 4366 1745 4417 bac
1754 4364 1827 4430 galea
1837 4371 1976 4417 contentus
1985 4363 2069 4416 obito.

1389 4507 1444 4572 Hic
1458 4509 1631 4590 planissime
1651 4509 1735 4572 vides
1746 4515 1911 4590 utramque
1925 4525 2034 4572 vocem
2046 4505 2156 4585 futuri,
2170 4507 2253 4571 oeci-

1386 4606 1481 4686 pient,
1498 4615 1663 4684 nectentur,
1679 4606 1793 4685 boleto,
1810 4607 1899 4668 obito.
1915 4604 2071 4682 Horatius,
2083 4622 2156 4667 cum
2173 4623 2251 4686 poc-

1388 4703 1426 4766 lis
1438 4704 1522 4786 leges
1536 4705 1602 4782 dat,
1621 4706 1730 4770 eadem
1743 4704 1849 4784 utitur,
1863 4704 1938 4767 Arte
1952 4709 2051 4786 poet,
2067 4721 2098 4765 v·
2111 4706 2152 4766 99
2168 4722 2176 4766 :

1452 4867 1507 4918 lion
1517 4867 1579 4918 satis
1592 4868 1747 4932 estpulcbm
1761 4866 1818 4919 esse
1831 4872 1963 4931 poemata,
1978 4864 2063 4916 dulde
2077 4869 2174 4928 runto;

1452 4947 1486 4998 Et
1492 4961 1657 5012 quocumque
1667 4949 1755 4999 volent
1765 4949 1880 5000 animum
1887 4946 2013 4998 auditoris
2027 4951 2139 5013 monto.

1430 5100 1513 5164 Alias
1530 5100 1681 5164 rarissime
1702 5101 1837 5163 invenies
1850 5099 1904 5162 bas
1916 5115 2023 5178 voces;
2047 5115 2123 5160 nam
2136 5097 2181 5160 rei
2196 5116 2254 5160 ru-

1389 5199 1471 5262 stice
1485 5179 1647 5282 scriptores
1660 5200 1752 5263 etiam
1765 5199 1855 5281 prisci
1868 5197 1904 5260 iis
1915 5196 1979 5259 lere
1993 5195 2162 5275 abstinent,
2175 5216 2254 5260 cum

1389 5303 1542 5380 precepta
1568 5297 1607 5360 de
1628 5298 1737 5361 eadem
1762 5316 1795 5359 re
1813 5295 1949 5373 tradunt,
1978 5293 2035 5357 nisi
2059 5293 2139 5358 sorta
2165 5295 2256 5376 leges

1390 5397 1532 5475 scribent,
1562 5403 1597 5459 ut
1626 5395 1718 5479 paulo
1745 5401 1816 5458 ante
1844 5393 1987 5458 dirime.
2015 5391 2097 5474 Lege
2125 5393 2258 5459 Catonis
