<?xml version="1.0" encoding="UTF-8"?>
<!DOCTYPE html PUBLIC "-//W3C//DTD XHTML 1.0 Transitional//EN"
    "http://www.w3.org/TR/xhtml1/DTD/xhtml1-transitional.dtd">
<html xmlns="http://www.w3.org/1999/xhtml" xml:lang="en" lang="en">
 <head>
  <title>
</title>
<meta http-equiv="Content-Type" content="text/html;charset=utf-8" />
  <meta name='ocr-system' content='tesseract 3.04.00' />
  <meta name='ocr-capabilities' content='ocr_page ocr_carea ocr_par ocr_line ocrx_word'/>
</head>
<body>
  <div class='ocr_page' id='page_1' title='image "./emmanuelisalvar00alvagoog/emmanuelisalvar00alvagoog_0460.png"; bbox 0 0 4646 6164; ppageno 0'>
   <div class='ocr_carea' id='block_1_1' title="bbox 1105 522 1592 577">
    <p class='ocr_par' dir='ltr' id='par_1_1' title="bbox 1105 522 1592 577">
     <span class='ocr_line' id='line_1_1' title="bbox 1105 522 1592 577; baseline -0.002 -1"><span class='ocrx_word' id='word_1_1' title='bbox 1105 525 1149 577; x_wconf 85' lang='lat' dir='ltr'>DE</span> <span class='ocrx_word' id='word_1_2' title='bbox 1170 523 1333 577; x_wconf 72' lang='lat' dir='ltr'><strong>NOMINUM</strong></span> <span class='ocrx_word' id='word_1_3' title='bbox 1354 522 1592 576; x_wconf 73' lang='lat' dir='ltr'>tttcttssttttttuo.</span> 
     </span>
    </p>
   </div>
   <div class='ocr_carea' id='block_1_2' title="bbox 676 847 2036 969">
    <p class='ocr_par' dir='ltr' id='par_1_2' title="bbox 676 847 2036 969">
     <span class='ocr_line' id='line_1_2' title="bbox 676 847 2036 969; baseline 0.003 -7"><span class='ocrx_word' id='word_1_4' title='bbox 676 850 769 964; x_wconf 87' lang='lat' dir='ltr'>DE</span> <span class='ocrx_word' id='word_1_5' title='bbox 819 849 1306 969; x_wconf 81' lang='lat' dir='ltr'><strong>INGREMENTO</strong></span> <span class='ocrx_word' id='word_1_6' title='bbox 1356 849 1675 968; x_wconf 82' lang='lat' dir='ltr'><strong>PLURALI</strong></span> <span class='ocrx_word' id='word_1_7' title='bbox 1724 847 2036 966; x_wconf 89' lang='lat' dir='ltr'><strong>NOMINIS</strong></span> 
     </span>
    </p>
   </div>
   <div class='ocr_carea' id='block_1_3' title="bbox 483 1127 2213 1487">
    <p class='ocr_par' dir='ltr' id='par_1_3' title="bbox 483 1127 2213 1487">
     <span class='ocr_line' id='line_1_3' title="bbox 536 1127 2213 1238; baseline 0.002 -31"><span class='ocrx_word' id='word_1_8' title='bbox 536 1129 628 1209; x_wconf 70' lang='lat'><strong>472.</strong></span> <span class='ocrx_word' id='word_1_9' title='bbox 651 1127 872 1209; x_wconf 81' lang='lat' dir='ltr'>Penultima</span> <span class='ocrx_word' id='word_1_10' title='bbox 894 1129 1053 1238; x_wconf 83' lang='lat' dir='ltr'>genitivi</span> <span class='ocrx_word' id='word_1_11' title='bbox 1069 1129 1131 1210; x_wconf 89' lang='lat' dir='ltr'>vet</span> <span class='ocrx_word' id='word_1_12' title='bbox 1145 1128 1263 1210; x_wconf 79' lang='lat' dir='ltr'>dativi</span> <span class='ocrx_word' id='word_1_13' title='bbox 1281 1128 1442 1236; x_wconf 81' lang='lat' dir='ltr'>pluralis</span> <span class='ocrx_word' id='word_1_14' title='bbox 1457 1129 1610 1209; x_wconf 86' lang='lat' dir='ltr'>numeri</span> <span class='ocrx_word' id='word_1_15' title='bbox 1624 1128 1766 1210; x_wconf 83' lang='lat' dir='ltr'>dicitur</span> <span class='ocrx_word' id='word_1_16' title='bbox 1780 1135 2062 1210; x_wconf 67' lang='lat' dir='ltr'>mouumentum</span> <span class='ocrx_word' id='word_1_17' title='bbox 2068 1135 2213 1236; x_wconf 81' lang='lat' dir='ltr'>plurale,</span> 
     </span>
     <span class='ocr_line' id='line_1_4' title="bbox 486 1253 2212 1364; baseline -0.001 -29"><span class='ocrx_word' id='word_1_18' title='bbox 486 1279 576 1336; x_wconf 84' lang='lat' dir='ltr'>eum</span> <span class='ocrx_word' id='word_1_19' title='bbox 595 1262 759 1359; x_wconf 86' lang='lat' dir='ltr'>uterque</span> <span class='ocrx_word' id='word_1_20' title='bbox 777 1280 889 1335; x_wconf 83' lang='lat' dir='ltr'>eusus</span> <span class='ocrx_word' id='word_1_21' title='bbox 906 1255 1059 1364; x_wconf 84' lang='lat' dir='ltr'>longior</span> <span class='ocrx_word' id='word_1_22' title='bbox 1071 1263 1129 1336; x_wconf 85' lang='lat' dir='ltr'>est</span> <span class='ocrx_word' id='word_1_23' title='bbox 1143 1253 1384 1333; x_wconf 82' lang='lat' dir='ltr'>nominativo</span> <span class='ocrx_word' id='word_1_24' title='bbox 1399 1253 1573 1361; x_wconf 90' lang='lat' dir='ltr'>ejusdem</span> <span class='ocrx_word' id='word_1_25' title='bbox 1589 1253 1756 1352; x_wconf 91' lang='lat' dir='ltr'>numeri,</span> <span class='ocrx_word' id='word_1_26' title='bbox 1774 1262 1817 1333; x_wconf 92' lang='lat' dir='ltr'>ut</span> <span class='ocrx_word' id='word_1_27' title='bbox 1836 1285 1844 1332; x_wconf 91' lang='lat'>:</span> <span class='ocrx_word' id='word_1_28' title='bbox 1867 1281 2000 1354; x_wconf 71' lang='lat' dir='ltr'>muse,</span> <span class='ocrx_word' id='word_1_29' title='bbox 2018 1281 2212 1352; x_wconf 61' lang='lat' dir='ltr'>musarum</span> 
     </span>
     <span class='ocr_line' id='line_1_5' title="bbox 483 1379 1908 1487; baseline 0 -29"><span class='ocrx_word' id='word_1_30' title='bbox 483 1381 604 1479; x_wconf 82' lang='lat' dir='ltr'>umbo,</span> <span class='ocrx_word' id='word_1_31' title='bbox 621 1379 836 1479; x_wconf 75' lang='lat' dir='ltr'>amborum,</span> <span class='ocrx_word' id='word_1_32' title='bbox 852 1381 1045 1480; x_wconf 56' lang='lat' dir='ltr'>ambobuu·</span> <span class='ocrx_word' id='word_1_33' title='bbox 1059 1385 1141 1487; x_wconf 80' lang='lat' dir='ltr'>qui,</span> <span class='ocrx_word' id='word_1_34' title='bbox 1157 1405 1338 1485; x_wconf 83' lang='lat' dir='ltr'>quorum,</span> <span class='ocrx_word' id='word_1_35' title='bbox 1356 1381 1507 1485; x_wconf 69' lang='lat' dir='ltr'>qutitus5</span> <span class='ocrx_word' id='word_1_36' title='bbox 1522 1404 1599 1478; x_wconf 83' lang='lat' dir='ltr'>res,</span> <span class='ocrx_word' id='word_1_37' title='bbox 1618 1404 1766 1477; x_wconf 77' lang='lat' dir='ltr'>rerum,</span> <span class='ocrx_word' id='word_1_38' title='bbox 1782 1380 1908 1459; x_wconf 78' lang='lat' dir='ltr'>rebus.</span> 
     </span>
    </p>
   </div>
   <div class='ocr_carea' id='block_1_4' title="bbox 1157 1710 1561 1792">
    <p class='ocr_par' dir='ltr' id='par_1_4' title="bbox 1157 1710 1561 1792">
     <span class='ocr_line' id='line_1_6' title="bbox 1157 1710 1561 1792; baseline 0 -2"><span class='ocrx_word' id='word_1_39' title='bbox 1157 1710 1500 1792; x_wconf 83' lang='lat' dir='ltr'><strong>PRAECEPTUM</strong></span> <span class='ocrx_word' id='word_1_40' title='bbox 1529 1713 1561 1791; x_wconf 92' lang='grc' dir='ltr'>Ι.</span> 
     </span>
    </p>
   </div>
   <div class='ocr_carea' id='block_1_5' title="bbox 486 1927 2210 2182">
    <p class='ocr_par' dir='ltr' id='par_1_5' title="bbox 486 1927 2210 2182">
     <span class='ocr_line' id='line_1_7' title="bbox 542 1927 2210 2058; baseline 0.003 -30"><span class='ocrx_word' id='word_1_41' title='bbox 542 1952 588 2047; x_wconf 88' lang='grc' dir='ltr'>Α,</span> <span class='ocrx_word' id='word_1_42' title='bbox 614 1975 647 2046; x_wconf 87' lang='lat' dir='ltr'>e,</span> <span class='ocrx_word' id='word_1_43' title='bbox 674 1975 710 2048; x_wconf 88' lang='lat'>0,</span> <span class='ocrx_word' id='word_1_44' title='bbox 736 1927 979 2030; x_wconf 78' lang='lat' dir='ltr'>ineremeuta</span> <span class='ocrx_word' id='word_1_45' title='bbox 1003 1949 1276 2049; x_wconf 77' lang='lat' dir='ltr'>multitudinis,</span> <span class='ocrx_word' id='word_1_46' title='bbox 1304 1950 1420 2058; x_wconf 83' lang='lat' dir='ltr'><strong>longa</strong></span> <span class='ocrx_word' id='word_1_47' title='bbox 1442 1958 1547 2050; x_wconf 89' lang='lat' dir='ltr'>sunt,</span> <span class='ocrx_word' id='word_1_48' title='bbox 1573 1958 1617 2031; x_wconf 90' lang='lat' dir='ltr'>ut</span> <span class='ocrx_word' id='word_1_49' title='bbox 1640 1965 1828 2058; x_wconf 67' lang='lat' dir='ltr'>quarum,</span> <span class='ocrx_word' id='word_1_50' title='bbox 1856 1955 2015 2047; x_wconf 69' lang='lat' dir='ltr'>hurum,</span> <span class='ocrx_word' id='word_1_51' title='bbox 2042 1953 2210 2043; x_wconf 56' lang='lat' dir='ltr'>ambitum</span> 
     </span>
     <span class='ocr_line' id='line_1_8' title="bbox 486 2073 1886 2182; baseline 0.004 -32"><span class='ocrx_word' id='word_1_52' title='bbox 486 2083 639 2172; x_wconf 67' lang='lat' dir='ltr'>retum,</span> <span class='ocrx_word' id='word_1_53' title='bbox 656 2073 785 2173; x_wconf 38' lang='lat' dir='ltr'>rebus</span> <span class='ocrx_word' id='word_1_54' title='bbox 799 2075 950 2174; x_wconf 70' lang='lat' dir='ltr'>licitum,</span> <span class='ocrx_word' id='word_1_55' title='bbox 967 2085 1145 2181; x_wconf 64' lang='lat' dir='ltr'>querum.</span> <span class='ocrx_word' id='word_1_56' title='bbox 1163 2074 1335 2174; x_wconf 86' lang='lat' dir='ltr'>Ovidius,</span> <span class='ocrx_word' id='word_1_57' title='bbox 1353 2074 1466 2155; x_wconf 88' lang='lat' dir='ltr'>Pont.</span> <span class='ocrx_word' id='word_1_58' title='bbox 1485 2076 1550 2174; x_wconf 80' lang='grc' dir='ltr'>Ν,</span> <span class='ocrx_word' id='word_1_59' title='bbox 1567 2075 1679 2182; x_wconf 83' lang='lat' dir='ltr'>epist.</span> <span class='ocrx_word' id='word_1_60' title='bbox 1697 2079 1735 2178; x_wconf 78' lang='grc' dir='ltr'>ὅ,</span> <span class='ocrx_word' id='word_1_61' title='bbox 1752 2105 1789 2158; x_wconf 87' lang='lat' dir='ltr'>v.</span> <span class='ocrx_word' id='word_1_62' title='bbox 1809 2079 1858 2158; x_wconf 78' lang='lat'>27</span> <span class='ocrx_word' id='word_1_63' title='bbox 1878 2109 1886 2156; x_wconf 92' lang='lat'><strong>:</strong></span> 
     </span>
    </p>
   </div>
   <div class='ocr_carea' id='block_1_6' title="bbox 883 2259 1642 2442">
    <p class='ocr_par' dir='ltr' id='par_1_6' title="bbox 883 2259 1642 2442">
     <span class='ocr_line' id='line_1_9' title="bbox 883 2259 1642 2345; baseline 0.008 -23"><span class='ocrx_word' id='word_1_64' title='bbox 883 2259 960 2323; x_wconf 89' lang='lat' dir='ltr'>Cum</span> <span class='ocrx_word' id='word_1_65' title='bbox 970 2267 1102 2324; x_wconf 81' lang='lat' dir='ltr'>tamena</span> <span class='ocrx_word' id='word_1_66' title='bbox 1112 2260 1201 2326; x_wconf 79' lang='lat' dir='ltr'>turbu</span> <span class='ocrx_word' id='word_1_67' title='bbox 1211 2271 1313 2324; x_wconf 76' lang='lat' dir='ltr'>rtrum</span> <span class='ocrx_word' id='word_1_68' title='bbox 1325 2263 1511 2345; x_wconf 82' lang='lat' dir='ltr'>requieverit</span> <span class='ocrx_word' id='word_1_69' title='bbox 1523 2264 1642 2343; x_wconf 66' lang='lat' dir='ltr'>hunam,</span> 
     </span>
     <span class='ocr_line' id='line_1_10' title="bbox 919 2358 1576 2442; baseline 0.009 -22"><span class='ocrx_word' id='word_1_70' title='bbox 919 2358 968 2420; x_wconf 82' lang='lat' dir='ltr'>Ad</span> <span class='ocrx_word' id='word_1_71' title='bbox 984 2376 1038 2421; x_wconf 87' lang='lat' dir='ltr'>vos</span> <span class='ocrx_word' id='word_1_72' title='bbox 1050 2366 1226 2424; x_wconf 71' lang='lat' dir='ltr'>mansuetas</span> <span class='ocrx_word' id='word_1_73' title='bbox 1238 2362 1374 2442; x_wconf 80' lang='lat' dir='ltr'>porriget</span> <span class='ocrx_word' id='word_1_74' title='bbox 1387 2361 1440 2426; x_wconf 90' lang='lat' dir='ltr'>ille</span> <span class='ocrx_word' id='word_1_75' title='bbox 1454 2380 1576 2426; x_wconf 83' lang='lat' dir='ltr'>manus.</span> 
     </span>
    </p>
   </div>
   <div class='ocr_carea' id='block_1_7' title="bbox 485 2518 1046 2649">
    <p class='ocr_par' dir='ltr' id='par_1_7' title="bbox 485 2518 1046 2649">
     <span class='ocr_line' id='line_1_11' title="bbox 485 2518 1046 2649; baseline -0.007 -49"><span class='ocrx_word' id='word_1_76' title='bbox 485 2518 683 2628; x_wconf 85' lang='lat' dir='ltr'>Virgilius,</span> <span class='ocrx_word' id='word_1_77' title='bbox 702 2521 792 2598; x_wconf 89' lang='lat' dir='ltr'>AEn.</span> <span class='ocrx_word' id='word_1_78' title='bbox 810 2520 855 2618; x_wconf 90' lang='lat' dir='ltr'>li,</span> <span class='ocrx_word' id='word_1_79' title='bbox 870 2546 908 2598; x_wconf 89' lang='lat' dir='ltr'>v.</span> <span class='ocrx_word' id='word_1_80' title='bbox 927 2519 976 2596; x_wconf 83' lang='lat'>35</span> <span class='ocrx_word' id='word_1_81' title='bbox 996 2550 1004 2597; x_wconf 93' lang='lat'>:</span> <span class='ocrx_word' id='word_1_82' title='bbox 1042 2638 1046 2649; x_wconf 25' lang='grc' dir='ltr'>Ι</span> 
     </span>
    </p>
   </div>
   <div class='ocr_carea' id='block_1_8' title="bbox 884 2703 1639 2802">
    <p class='ocr_par' dir='ltr' id='par_1_8' title="bbox 884 2703 1639 2802">
     <span class='ocr_line' id='line_1_12' title="bbox 884 2703 1639 2802; baseline 0.005 -38"><span class='ocrx_word' id='word_1_83' title='bbox 884 2704 925 2765; x_wconf 83' lang='lat' dir='ltr'>At</span> <span class='ocrx_word' id='word_1_84' title='bbox 939 2703 1048 2786; x_wconf 76' lang='lat' dir='ltr'>Capys,</span> <span class='ocrx_word' id='word_1_85' title='bbox 1064 2712 1095 2767; x_wconf 89' lang='lat' dir='ltr'>et</span> <span class='ocrx_word' id='word_1_86' title='bbox 1106 2719 1231 2786; x_wconf 80' lang='lat' dir='ltr'>querum</span> <span class='ocrx_word' id='word_1_87' title='bbox 1243 2705 1352 2770; x_wconf 85' lang='lat' dir='ltr'>melior</span> <span class='ocrx_word' id='word_1_88' title='bbox 1366 2706 1519 2802; x_wconf 75' lang='lat' dir='ltr'>sententie</span> <span class='ocrx_word' id='word_1_89' title='bbox 1532 2707 1639 2769; x_wconf 87' lang='lat' dir='ltr'>menti.</span> 
     </span>
    </p>
   </div>
   <div class='ocr_carea' id='block_1_9' title="bbox 1150 3005 1570 3088">
    <p class='ocr_par' dir='ltr' id='par_1_9' title="bbox 1150 3005 1570 3088">
     <span class='ocr_line' id='line_1_13' title="bbox 1150 3005 1570 3088; baseline 0 -4"><span class='ocrx_word' id='word_1_90' title='bbox 1150 3005 1491 3088; x_wconf 85' lang='lat' dir='ltr'><strong>PRAECEPTUM</strong></span> <span class='ocrx_word' id='word_1_91' title='bbox 1519 3007 1570 3084; x_wconf 88' lang='lat' dir='ltr'>u.</span> 
     </span>
    </p>
   </div>
   <div class='ocr_carea' id='block_1_10' title="bbox 488 3242 2211 3477">
    <p class='ocr_par' dir='ltr' id='par_1_10' title="bbox 488 3242 2211 3477">
     <span class='ocr_line' id='line_1_14' title="bbox 539 3242 2211 3351; baseline -0.002 -30"><span class='ocrx_word' id='word_1_92' title='bbox 539 3247 561 3321; x_wconf 92' lang='lat' dir='ltr'><em>I</em></span> <span class='ocrx_word' id='word_1_93' title='bbox 577 3253 617 3324; x_wconf 88' lang='lat' dir='ltr'>et</span> <span class='ocrx_word' id='word_1_94' title='bbox 634 3274 675 3344; x_wconf 82' lang='lat' dir='ltr'>u,</span> <span class='ocrx_word' id='word_1_95' title='bbox 699 3244 942 3324; x_wconf 80' lang='lat' dir='ltr'>incrementa</span> <span class='ocrx_word' id='word_1_96' title='bbox 960 3243 1231 3344; x_wconf 89' lang='lat' dir='ltr'>multitudinis,</span> <span class='ocrx_word' id='word_1_97' title='bbox 1251 3242 1521 3351; x_wconf 87' lang='lat' dir='ltr'>corripiuntur,</span> <span class='ocrx_word' id='word_1_98' title='bbox 1537 3251 1579 3323; x_wconf 90' lang='lat' dir='ltr'>ut</span> <span class='ocrx_word' id='word_1_99' title='bbox 1594 3245 1742 3350; x_wconf 73' lang='lat' dir='ltr'>quibus,</span> <span class='ocrx_word' id='word_1_100' title='bbox 1759 3244 1892 3334; x_wconf 67' lang='lat' dir='ltr'>tribus,</span> <span class='ocrx_word' id='word_1_101' title='bbox 1909 3245 2106 3340; x_wconf 69' lang='lat' dir='ltr'>montibus,</span> <span class='ocrx_word' id='word_1_102' title='bbox 2119 3243 2211 3318; x_wconf 72' lang='lat' dir='ltr'>tuci-</span> 
     </span>
     <span class='ocr_line' id='line_1_15' title="bbox 488 3367 1124 3477; baseline 0 -31"><span class='ocrx_word' id='word_1_103' title='bbox 488 3371 568 3446; x_wconf 74' lang='lat' dir='ltr'>tus.</span> <span class='ocrx_word' id='word_1_104' title='bbox 584 3367 783 3477; x_wconf 82' lang='lat' dir='ltr'>Virgilius,</span> <span class='ocrx_word' id='word_1_105' title='bbox 801 3368 934 3475; x_wconf 85' lang='lat' dir='ltr'><strong>Eclog.</strong></span> <span class='ocrx_word' id='word_1_106' title='bbox 951 3368 1000 3466; x_wconf 89' lang='lat' dir='ltr'>V,</span> <span class='ocrx_word' id='word_1_107' title='bbox 1017 3395 1054 3446; x_wconf 80' lang='lat' dir='ltr'>v,</span> <span class='ocrx_word' id='word_1_108' title='bbox 1073 3370 1096 3446; x_wconf 93' lang='lat'>8</span> <span class='ocrx_word' id='word_1_109' title='bbox 1116 3399 1124 3446; x_wconf 93' lang='lat'><strong>:</strong></span> 
     </span>
    </p>
   </div>
   <div class='ocr_carea' id='block_1_11' title="bbox 486 3553 1648 3818">
    <p class='ocr_par' dir='ltr' id='par_1_11' title="bbox 486 3553 1648 3818">
     <span class='ocr_line' id='line_1_16' title="bbox 887 3553 1648 3636; baseline -0.003 -19"><span class='ocrx_word' id='word_1_110' title='bbox 887 3553 1035 3617; x_wconf 74' lang='lat' dir='ltr'>Montibus</span> <span class='ocrx_word' id='word_1_111' title='bbox 1049 3555 1078 3617; x_wconf 91' lang='lat' dir='ltr'>in</span> <span class='ocrx_word' id='word_1_112' title='bbox 1093 3554 1206 3618; x_wconf 81' lang='lat' dir='ltr'>uostris</span> <span class='ocrx_word' id='word_1_113' title='bbox 1218 3553 1301 3617; x_wconf 89' lang='lat' dir='ltr'>sotus</span> <span class='ocrx_word' id='word_1_114' title='bbox 1313 3553 1368 3617; x_wconf 88' lang='lat' dir='ltr'>tibi</span> <span class='ocrx_word' id='word_1_115' title='bbox 1382 3560 1479 3617; x_wconf 81' lang='lat' dir='ltr'>uertet</span> <span class='ocrx_word' id='word_1_116' title='bbox 1491 3553 1648 3636; x_wconf 77' lang='lat' dir='ltr'>Amyntas.</span> 
     </span>
     <span class='ocr_line' id='line_1_17' title="bbox 486 3717 1033 3818; baseline -0.005 -20"><span class='ocrx_word' id='word_1_117' title='bbox 486 3717 657 3814; x_wconf 83' lang='lat' dir='ltr'>Ovidius,</span> <span class='ocrx_word' id='word_1_118' title='bbox 675 3719 773 3796; x_wconf 83' lang='lat' dir='ltr'>Fast.</span> <span class='ocrx_word' id='word_1_119' title='bbox 793 3718 857 3818; x_wconf 89' lang='lat' dir='ltr'>1V,</span> <span class='ocrx_word' id='word_1_120' title='bbox 874 3743 911 3794; x_wconf 93' lang='lat' dir='ltr'>v.</span> <span class='ocrx_word' id='word_1_121' title='bbox 929 3717 1006 3794; x_wconf 91' lang='lat'>888</span> <span class='ocrx_word' id='word_1_122' title='bbox 1024 3746 1033 3795; x_wconf 91' lang='lat'><strong>:</strong></span> 
     </span>
    </p>
   </div>
   <div class='ocr_carea' id='block_1_12' title="bbox 884 3900 1534 3983">
    <p class='ocr_par' dir='ltr' id='par_1_12' title="bbox 884 3900 1534 3983">
     <span class='ocr_line' id='line_1_18' title="bbox 884 3900 1534 3983; baseline -0.003 -20"><span class='ocrx_word' id='word_1_123' title='bbox 884 3902 1011 3964; x_wconf 73' lang='lat' dir='ltr'>Praemia</span> <span class='ocrx_word' id='word_1_124' title='bbox 1024 3902 1064 3965; x_wconf 89' lang='lat' dir='ltr'>de</span> <span class='ocrx_word' id='word_1_125' title='bbox 1076 3901 1194 3964; x_wconf 58' lang='lat' dir='ltr'>tactum</span> <span class='ocrx_word' id='word_1_126' title='bbox 1205 3901 1343 3983; x_wconf 78' lang='lat' dir='ltr'>proxima</span> <span class='ocrx_word' id='word_1_127' title='bbox 1351 3907 1450 3964; x_wconf 73' lang='lat' dir='ltr'>musta</span> <span class='ocrx_word' id='word_1_128' title='bbox 1464 3900 1534 3964; x_wconf 87' lang='lat' dir='ltr'>tuis.</span> 
     </span>
    </p>
   </div>
   <div class='ocr_carea' id='block_1_13' title="bbox 0 0 2328 6164">
    <p class='ocr_par' dir='ltr' id='par_1_13' title="bbox 0 0 2328 6164">
     <span class='ocr_line' id='line_1_19' title="bbox 0 0 2328 6164; baseline 0 0"><span class='ocrx_word' id='word_1_129' title='bbox 0 0 2328 6164; x_wconf 95' lang='lat' dir='ltr'> </span> 
     </span>
    </p>
   </div>
  </div>
 </body>
</html>
