4616 6160
1093 603 1137 654 nn
1163 600 1327 654 uuuruuu
1355 597 1622 653 nncuruarraun.
1703 585 1705 590 ’

1007 883 1264 977 GENEllll
1308 880 1697 992 lNAEQlllLIA

542 1118 725 1218 Quadam
749 1117 935 1228 singulari
957 1145 1119 1202 numera
1144 1128 1234 1200 sunt
1257 1119 1487 1221 masculina,
1510 1118 1651 1225 plurali
1675 1125 1828 1217 neutra,
1856 1125 1899 1197 ut
1920 1117 2069 1216 salitus,
2095 1119 2213 1218 saluta,-

488 1244 646 1345 balteas,
668 1246 801 1326 baltea.

542 1372 720 1468 Quaedam
741 1370 926 1481 singulari
943 1371 1143 1476 feminina,
1161 1373 1303 1481 plurali
1319 1380 1471 1472 neutra,
1488 1377 1530 1452 ut
1545 1371 1744 1468 Cartana,
1764 1369 1941 1449 Carbasa.

467 1498 473 1509 ’
542 1496 719 1593 Quadam
735 1496 919 1607 singulari
933 1508 1084 1601 neutra,
1102 1500 1243 1606 plurali
1258 1497 1486 1604 maseulina,
1504 1504 1545 1576 ut
1556 1502 1690 1602 Arpos,
1707 1497 1813 1600 Arga,
1829 1496 2035 1599 Arporum.

888 1775 1391 1910 nnunrulrrauu
1434 1807 1823 1917 runaulurl

554 2053 636 2154 Vae,
657 2056 769 2151 vasu,
790 2051 977 2162 singulari
996 2078 1156 2135 numera
1171 2060 1229 2134 est
1242 2051 1362 2134 tertiae
1375 2048 1662 2150 declinationis3
1679 2045 1836 2154 plurali,
1853 2046 2043 2146 secundae,
2061 2053 2213 2147 ulvosa,

490 2203 680 2279 umorum,
694 2181 805 2259 vassa.

544 2304 747 2410 Jaqerum,
761 2305 903 2409 jugeri
918 2312 1053 2385 eontra
1075 2328 1236 2386 numero
1257 2300 1443 2411 singulari
1465 2297 1625 2380 secundi
1645 2305 1702 2378 est
1723 2295 1884 2398 ordinis3
1911 2296 2064 2402 plurali,
2091 2296 2214 2378 tertii:

484 2428 651 2535 jugera,
671 2431 879 2536 jugerum,
900 2430 1115 2536 jugeribus.
1146 2428 1341 2511 lnterdum
1364 2433 1403 2508 et
1420 2427 1579 2532 jugeris
1605 2421 1776 2532 genitivo
1796 2420 2004 2531 singulari,
2030 2429 2067 2502 et
2082 2423 2218 2528 jugere

493 2553 660 2636 ablativo
673 2553 828 2664 legitur.

1059 2810 1222 2908 GASU
1269 2809 1657 2920 trtAEQttlLtl

546 3047 726 3147 Quaedam
739 3074 817 3129 nan
832 3047 1079 3131 declinantur
1092 3049 1134 3130 iu
1148 3075 1270 3152 casus,
1288 3057 1330 3131 ut
1343 3054 1466 3156 fraqi,
1483 3051 1608 3149 m'lu'lz',
1627 3049 1769 3154 ponde,
1787 3048 1888 3154 quod
1904 3075 2111 3130 numerum
2131 3045 2220 3157 plu-

494 3174 1515 3284 ralemtantumhabet,cumlibramsignifiea13itern
1533 3187 1712 3284 pwtuor,
1730 3180 1894 3284 purisque
1905 3185 1944 3258 et
1959 3183 2094 3258 caetera
2108 3201 2220 3282 usque

496 3300 543 3379 ad
562 3307 733 3398 centurn,
756 3325 840 3404 quae
858 3312 1003 3406 aptota,
1021 3300 1099 3382 sive
1112 3313 1341 3408 monoptota,
1359 3303 1618 3408 appellantur.

547 3423 727 3522 Quaedam
741 3425 912 3506 vocativa
928 3433 1074 3524 carent,
1091 3427 1307 3533 eujusmodi
1321 3435 1412 3508 sunt
1426 3425 1713 3536 interrogativa,
1727 3433 1770 3504 ut
1784 3428 1880 3530 quai,
1898 3428 2036 3531 quales,-
2051 3423 2219 3523 relativa,

494 3557 536 3629 ut
554 3555 634 3657 qui,
652 3577 749 3657 quae,
767 3553 883 3656 quod,·
897 3551 1086 3660 negativa,
1104 3562 1147 3632 ut
1161 3579 1282 3652 neme,
1300 3556 1446 3654 nullan,
1462 3551 1640 3658 partitiva
1657 3551 1854 3658 pleraque,
1871 3558 1913 3630 ut
1927 3552 2095 3658 quatiam,
2111 3553 2219 3646 ullus,

496 3677 609 3755 aliua
633 3676 866 3756 Pronamina
889 3675 1019 3778 etiam,
1047 3684 1184 3784 praeter
1209 3690 1264 3779 tu,
1291 3705 1411 3782 naeus,
1436 3690 1576 3778 noster,
1607 3689 1772 3776 nostras,
1803 3676 1924 3758 terme
1952 3675 2112 3757 vocandi
2137 3700 2222 3755 casu

337 3867 341 3883 .
495 3800 761 3882 destituuntur.

548 3928 728 4025 Quadam
749 3928 991 4029 nominandi,
1014 3929 1274 4040 interrogandi
1292 3939 1331 4013 et
1349 3928 1553 4012 accusandi
1572 3952 1702 4010 casum
1724 3934 1874 4008 tautum
1894 3926 2051 4028 habent,
2074 3933 2116 4006 ut
2133 3935 2222 4004 tan-

497 4055 681 4153 tumdem,
697 4057 897 4134 tantidem.

549 4180 729 4276 Quadam
748 4178 1030 4260 nominativum
1049 4189 1088 4262 et
1107 4182 1339 4281 vocativum,
1356 4189 1399 4262 ut
1416 4181 1582 4286 Jupiter,
1601 4206 1743 4284 seraper⁴

549 4303 728 4401 Quaedam
748 4303 923 4410 obliquas
937 4312 1105 4407 tanturn,
1122 4315 1167 4386 ut
1180 4306 1296 4406 Jonas,
1317 4307 1417 4406 Jovz',
1438 4307 1585 4404 lovem,
1606 4303 1708 4384 Jove.

550 4429 732 4527 Quadam
751 4436 827 4512 tres
841 4431 965 4511 solum
980 4429 1154 4536 obliquos
1172 4459 1180 4511 z
1199 4437 1293 4538 opas,
1311 4459 1433 4537 opem,
1451 4433 1496 4512 ab
1510 4458 1593 4537 ope.

551 4554 730 4651 Quaedam
749 4555 858 4654 duas,
871 4561 914 4635 ut
926 4557 1237 4662 repetundarum,
1254 4560 1299 4639 ab
1311 4560 1370 4636 lua
1382 4556 1609 4664 repetendas.

503 4669 505 4674 ¹
551 4679 729 4776 Quaedam
749 4705 888 4782 unum,
904 4688 946 4761 ut
961 4683 1125 4786 zirfierire,
1140 4693 1285 4789 sponte,
1300 4693 1406 4763 autu.
