4678 6162
897 601 941 652 DE
960 599 1118 653 GAESURA.

864 911 1139 988 APPENDlX.

191 1090 281 1169 541.
314 1089 544 1195 Anapaestici
560 1114 691 1169 versus
705 1088 840 1196 optimi
856 1098 1055 1194 putantur,
1075 1090 1105 1171 si
1121 1092 1237 1197 pedes
1251 1091 1393 1199 singuli
1415 1119 1436 1173 e
1455 1092 1617 1201 singulis
1633 1093 1727 1174 fiant
1741 1089 1880 1172 verbis.

136 1214 300 1316 Seneca,
315 1215 495 1323 Thyest„
514 1221 589 1295 act.
607 1215 671 1314 IV,
687 1241 723 1293 v.
742 1213 817 1294 799
837 1246 844 1293 :

531 1399 632 1464 'lertio
644 1399 725 1464 misit
734 1399 863 1464 buccina
877 1401 1011 1482 signum.

134 1565 429 1668 neminum,
447 1592 485 1644 v.
503 1565 608 1643 roa:

531 1739 676 1804 Nondum
690 1759 765 1804 serae
778 1739 904 1804 nuntius
918 1739 1012 1803 horae.

137 1895 258 1996 ldem,
277 1893 436 1996 ibidem,
455 1921 492 1974 v.
512 1895 583 1973 841
605 1927 613 1974 ε

533 2082 633 2147 Curvo
646 2081 767 2146 brevius
780 2081 877 2144 limita
891 2097 1028 2144 currens.

137 2247 210 2344 Qui
227 2254 355 2327 tamen
376 2243 560 2352 perpauci
580 2251 681 2342 sunt,
702 2242 732 2322 si
753 2268 842 2322 cum
863 2240 948 2321 aliis
966 2242 1228 2323 conferantur.
1250 2245 1370 2345 ldem,
1387 2247 1543 2350 ibidem,
1563 2257 1638 2330 act.
1656 2252 1704 2350 V,
1722 2278 1758 2332 v.
1778 2253 1882 2335 920:

533 2428 663 2492 Pectora
676 2427 775 2508 longis
786 2427 928 2490 hebetata
941 2427 1029 2490 malis

533 2525 600 2590 lam
615 2525 759 2589 sollicitos
772 2525 879 2608 ponite
894 2544 1005 2588 ouras:

535 2623 643 2704 Fugiat
656 2641 780 2702 moeror,
795 2623 955 2706 fugiatque
967 2639 1074 2706 pavor.

178 2845 224 2910 Ne
239 2850 272 2911 te
285 2846 362 2911 illud
376 2853 535 2931 pretereat
547 2849 766 2930 anapaesticum
777 2867 898 2912 versum
910 2867 1131 2931 nonnunquam
1146 2846 1258 2931 pedem
1272 2857 1460 2932 anapaestum
1474 2850 1587 2915 babere
1601 2853 1735 2916 nullum.

412 3178 481 3258 DE
522 3179 962 3278 ΡΕΝΤΗΕΜΙΜΕΒΙ,
1009 3179 1490 3280 HEPHTHEMIMERI,
1536 3191 1605 3259 etc.

192 3418 283 3498 542.
314 3419 471 3500 Veteres
503 3417 749 3526 grammatici
782 3445 934 3501 versum
968 3417 1167 3500 heroicum
1198 3417 1238 3497 in
1272 3425 1434 3523 quatuor
1462 3426 1589 3524 partes
1614 3423 1759 3517 secant,
1793 3442 1888 3522 quas

136 3542 327 3625 sectiones
347 3542 426 3624 sive
449 3567 611 3624 caesuras
632 3544 830 3651 appellant
850 3575 858 3623 ε
879 3546 1225 3648 penthemimerin,
1251 3543 1494 3642 trochaicam,
1519 3542 1884 3646 bepbtbcmainerziu,

135 3670 348 3749 maeoticam
361 3667 439 3749 sive
454 3669 720 3773 tetrapodzam.

190 3795 521 3893 Pentbemimeric,
539 3793 658 3875 latine
673 3797 961 3900 semiquinaria,
983 3801 1131 3873 constat
1151 3817 1197 3872 ex
1216 3791 1365 3871 dnobus
1386 3791 1548 3898 pedibus
1570 3797 1610 3871 et
1632 3789 1780 3896 syllaba
1803 3815 1886 3895 quae

135 3917 345 4001 dictionem
360 3918 530 4020 claudat,
547 3928 588 3999 ut
606 3950 614 3997 ε
633 3919 834 4027 Virgilius,
852 3921 942 3999 AEn.
959 3918 1059 4017 Vlll,
1076 3944 1111 3995 v.
1134 3918 1148 3995 l
1174 3948 1182 3995 ε

534 4086 575 4150 Ut
587 4086 659 4150 belli
673 4086 805 4166 signum.

139 4233 261 4333 Idem,
278 4235 369 4314 AEn.
389 4233 438 4331 X,
456 4258 492 4309 v.
514 4232 529 4308 l
554 4257 563 4305 ε

535 4395 681 4459 Panditur
695 4395 818 4458 interea.

138 4542 260 4642 idern,
280 4544 368 4622 AEn.
388 4542 470 4643 Xll,
488 4567 524 4619 v.
547 4541 562 4617 l
586 4571 594 4617 :

533 4707 653 4771 Turnus
668 4713 701 4770 ut
716 4705 869 4768 intractus.

194 4853 403 4934 Trocbaa'ca
426 4863 512 4960 post
535 4853 631 4932 duos
655 4851 772 4957 pedes
795 4850 911 4930 habet
934 4850 1029 4929 duas
1052 4846 1231 4955 syllabas,
1256 4847 1410 4953 longam
1434 4854 1471 4926 et
1494 4845 1671 4943 brevem,
1698 4843 1776 4923 sire
1802 4850 1887 4922 tro-

136 4979 303 5080 cbaeum,
321 4979 388 5085 qui
402 4977 614 5058 dictionem
630 4975 831 5074 terminet3
849 4983 890 5054 ut
908 5005 916 5054 :
933 4973 1131 5083 Virgilius,
1146 4973 1279 5079 Eclog.
1297 4970 1362 5068 lV,
1379 4999 1416 5049 v.
1436 4971 1484 5050 2:

533 5143 602 5208 Non
617 5161 725 5206 omncs
738 5141 872 5205 arbusta.

138 5287 260 5390 idem,
277 5287 368 5370 AEn.
387 5290 433 5389 ll,
451 5315 490 5367 v,
509 5288 559 5367 3:

535 5453 712 5531 lnlandum,
727 5453 842 5532 regina.
