4654 6168
657 569 736 626 stvn
756 573 799 626 nn
819 571 907 626 oeno
928 571 1097 626 nsnnnos
1117 575 1315 630 onnnoms.
1786 545 1859 626 1105

124 721 183 788 qne
196 702 463 783 hobetnoutnum3
482 710 636 787 quartem,
656 704 688 768 in
705 724 767 788 qua
785 711 831 769 est
842 711 962 769 utrum-
1021 705 1120 784 nonis,
1140 713 1172 770 et
1191 707 1350 787 vocabuli,
1364 715 1396 773 et
1413 707 1520 784 verbi,
1540 705 1682 790 quedem
1695 705 1813 790 priore,
1829 715 1864 769 ut

124 823 187 888 qne.
202 803 299 884 idem,
314 803 356 870 de
369 803 485 886 tingue
497 803 605 882 letina,
618 803 641 867 1.
660 802 712 882 Vi,
732 807 772 868 36
795 823 804 868 :
827 827 842 865 ι
861 803 963 878 Quum
1020 803 1113 882 tomo,
1127 805 1244 884 omitit,
1255 807 1434 889 posteriore,
1455 813 1490 870 ot
1509 803 1621 884 doctos,
1642 803 1742 882 docte;
1752 802 1864 869 dieitur

124 902 495 968 verbommdeetinotuum
505 921 621 985 genero
629 902 963 986 sintqoatuorzunum‚
1021 903 1104 966 enim
1117 903 1200 966 lemno
1212 903 1312 968 doctus
1325 913 1357 969 et
1369 905 1470 968 scribit
1486 905 1583 982 docte,
1599 911 1659 970 eto.
1677 925 1693 964 ι
1710 902 1806 968 Paulo
1818 901 1865 966 in·

124 1001 197 1086 qood
209 1009 351 1086 temporo
364 1002 572 1084 adsignificat,
586 1020 689 1084 neque
702 999 794 1066 hebet
807 1021 912 1081 nosos,
929 1009 964 1066 ut
1020 999 1125 1080 ionius,
1139 1004 1198 1064 13:
1216 1024 1231 1062 α
1246 1002 1323 1067 Cum
1336 1003 1376 1068 do
1388 1004 1435 1067 his
1449 1021 1562 1068 nomen
1575 1003 1613 1068 sit
1625 1001 1758 1087 primum
1768 1001 1865 1084 (prius
1976 1065 1980 1073 ,

124 1100 158 1163 ub
168 1102 243 1182 teoo,
257 1101 345 1184 hosi,
367 1101 462 1183 leym
481 1101 624 1180 alterum,
645 1101 730 1184 quod
750 1119 839 1165 cesus
858 1101 961 1178 habet,
1020 1100 1103 1164 onim
1116 1118 1230 1166 nomen
1247 1109 1294 1168 est
1306 1121 1401 1186 quem
1415 1103 1541 1168 verbnm
1555 1102 1736 1185 temporale,
1751 1107 1784 1165 et
1797 1101 1865 1166 noli-

124 1216 215 1282 neqne
228 1205 369 1282 onnon
382 1197 590 1282 adsignificat,
611 1206 646 1263 ut
664 1197 703 1262 ab
724 1199 806 1280 tene,
828 1199 912 1263 tectio
932 1206 964 1264 et
1021 1218 1082 1282 qus
1095 1200 1246 1282 posten'us
1261 1220 1355 1285 quom
1367 1219 1480 1266 nomen
1493 1201 1662 1268 otvenbom
1678 1219 1687 1265 :
1701 1200 1798 1283 primo
1810 1199 1865 1283 igi·

123 1296 225 1376 testem
235 1297 371 1373 tertium
387 1297 473 1381 qnod
485 1295 577 1362 hebet
590 1303 769 1379 utrumqne,
779 1302 811 1362 ot
823 1302 963 1380 temporo
1020 1305 1070 1361 tur
1082 1299 1233 1380 nomine),
1249 1307 1337 1365 eto.»
1353 1300 1488 1366 Verbum
1502 1299 1673 1384 temporale
1686 1299 1820 1382 appellet
1833 1298 1864 1362 id

123 1401 151 1458 et
170 1413 269 1474 ossus,
293 1402 328 1460 ut
349 1395 389 1460 ob
411 1397 488 1478 leno,
504 1396 616 1478 leoena,
634 1396 781 1472 tectorum
806 1401 960 1478 quartum,
1020 1398 1106 1478 quod
1115 1397 1293 1483 intempore
1307 1399 1620 1464 inclinetur20osuoie
1631 1399 1713 1463 enim
1724 1403 1772 1462 est
1781 1397 1865 1481 qnod

123 1493 199 1574 qnod
218 1501 365 1560 nentrum
385 1493 488 1573 habet,
509 1500 544 1558 nt
562 1492 602 1558 ab
623 1495 688 1576 leqo
697 1540 707 1572 ,
728 1495 800 1557 tecte
819 1500 851 1557 et
870 1494 964 1558 lectio·
1021 1494 1187 1560 inolinntm·
1204 1497 1236 1560 in
1254 1517 1353 1562 ossus.
1373 1497 1524 1572 Quoniam
1541 1497 1632 1580 igitur
1646 1514 1761 1562 nomen
1782 1495 1866 1578 prius

120 1590 192 1654 site.
211 1615 227 1652 ι
245 1591 342 1672 idem,
357 1592 398 1658 do
408 1591 494 1675 [ing.
510 1592 578 1671 lot,
590 1591 612 1655 l.
628 1591 708 1669 Vili,
720 1595 771 1671 ιι,
787 1591 964 1658 Aristoteles
1021 1603 1069 1658 est
1087 1613 1181 1678 quom
1203 1595 1330 1660 verbum
1350 1596 1536 1679 temporale,
1560 1597 1601 1660 sb
1624 1613 1662 1660 eo
1686 1594 1804 1658 initium
1823 1591 1866 1656 is·

121 1689 258 1755 motionis
271 1690 349 1756 does
364 1697 466 1776 portes
482 1709 549 1754 esse
565 1688 652 1768 dicit,
666 1689 805 1754 vocabolo
817 1697 849 1755 et
860 1691 960 1771 verto,
1020 1693 1150 1758 eiemus.

122 1795 152 1852 nt
162 1789 243 1854 tom
255 1795 289 1856 et
299 1811 401 1874 οᾳιαιι,
414 1795 448 1855 et
461 1789 547 1870 lenit,
565 1789 718 1854 steorte.
734 1788 898 1872 Utriusque
911 1809 963 1873 ge·

606 2097 610 2108 ’
699 2064 819 2192 DE
888 2061 1262 2196 NOMINE

170 2359 258 2439 104.
290 2357 445 2439 Nomen
459 2365 517 2439 est
531 2379 618 2464 pars
633 2353 817 2436 orationis
836 2380 921 2462 quae
940 2380 1050 2438 casus
1069 2353 1188 2438 hebet
1208 2381 1335 2462 neque
1354 2362 1531 2464 temporo
1545 2355 1801 2466 adsignificat,
1822 2363 1866 2438 ut

5 2505 6 2508 ‘
121 2511 238 2580 muso,
259 2487 453 2566 dommus.

5 2687 6 2714 ,
167 2612 318 2692 Nomen
338 2614 549 2716 propriom
575 2616 634 2691 est
657 2607 760 2715 quod
780 2633 841 2688 res
863 2605 1037 2716 proprios
1063 2614 1179 2713 atque
1202 2614 1327 2690 centos
1349 2607 1560 2719 significat,
1588 2616 1631 2690 ut
1653 2609 1861 2711 Romulus,

5 2919 6 2930 ι
166 2863 449 2970 Appelnoonm
462 2869 520 2944 est
534 2861 636 2969 quod
651 2886 712 2942 res
728 2884 952 2943 communes
968 2867 1082 2966 atque
1096 2859 1263 2940 incertos
1282 2858 1490 2970 signifieat,
1509 2869 1553 2942 ut
1568 2887 1653 2961 ree,
1665 2865 1862 2968 oppedum.

5 3063 7 3074 .
167 2991 417 3070 Collectivnm
445 2996 503 3068 est
530 2986 634 3093 quod
662 3009 825 3067 numero
852 2983 1040 3094 singulari
1066 2982 1258 3093 significet
1282 2984 1589 3087 multitudinem,
1617 2993 1660 3068 nt
1675 2989 1862 3094 populns,

119 3143 216 3220 qens,
234 3115 362 3196 turbo.
1365 3183 1369 3192 .

6 3227 8 3248 ⁸
166 3242 450 3323 senonensem
465 3263 611 3320 nomen
625 3246 682 3320 est
700 3238 804 3344 quod
823 3236 1007 3345 perseio
1027 3235 1199 3319 oratione
1218 3263 1300 3319 esse
1320 3245 1465 3344 potest;
1487 3247 1527 3320 nt
1549 3269 1559 3319 ι
1579 3240 1661 3320 due
1680 3236 1864 3346 imperet;

122 3371 220 3448 nne
239 3368 498 3473 obtemperat.

164 3495 411 3600 Adjectioum
430 3498 487 3572 est
512 3492 614 3598 qnod
638 3489 679 3572 in
703 3489 876 3571 oratione
900 3515 982 3570 esse
1009 3513 1088 3569 non
1113 3494 1236 3594 potest
1257 3488 1341 3573 sine
1366 3489 1626 3592 substantivo,
1653 3497 1786 3598 operte
1804 3489 1866 3572 vei

125 3620 260 3702 occulte
280 3647 289 3700 :
307 3623 456 3725 operte,
479 3623 522 3698 ut
540 3647 549 3696 :
571 3615 664 3697 Bne
677 3616 870 3722 prudens,
892 3613 923 3695 si
941 3625 1118 3694 strenuos
1136 3613 1276 3694 mz'lz'tes
1294 3612 1474 3721 dictoque
1487 3614 1690 3698 audientes
1708 3613 1863 3716 hebent,

6 3801 7 3810 ι
122 3745 225 3830 ioeiie
253 3744 383 3826 hostes
407 3739 875 3850 superabit3-ooouite,
907 3746 950 3822 ut
982 3771 991 3819 :
1023 3737 1096 3836 Qui
1123 3741 1292 3820 tertione
1320 3739 1518 3842 laborant,
1550 3767 1630 3824 non
1659 3747 1867 3822 vescuntur

6 3853 7 3856 Ὺ
119 3865 264 3954 teuta.
283 3870 367 3952 Hoe
381 3876 463 3952 est:
482 3866 648 3951 tertione
663 3865 775 3966 febri,
793 3864 942 3946 bubulo
956 3889 1085 3945 corne.

168 3995 416 4105 Adjeetivum
437 4017 581 4074 nomen
603 3991 666 4073 vel
687 3990 804 4072 hebet
827 3997 903 4071 tres
925 3990 1080 4086 formos,
1103 3993 1147 4067 nt
1173 4017 1182 4068 :
1207 3987 1336 4090 bonus,
1361 3989 1470 4092 bono,
1494 3992 1652 4093 bonum·
1671 3990 1733 4072 vel
1755 3991 1864 4093 duos,

121 4129 183 4202 ot:
204 4124 331 4204 brevis
342 4127 382 4204 et
395 4121 525 4217 breve·
538 4118 601 4200 vel
616 4143 752 4216 onem,
769 4123 813 4197 ut
829 4148 838 4195 ι
849 4117 1040 4222 prendens,
1056 4114 1169 4218 selein.

154 4335 250 4402 Varro
268 4337 351 4402 solet
369 4335 496 4402 nomine
510 4333 632 4418 proprio
650 4332 829 4414 simpliciter
842 4330 960 4393 nomino
1018 4347 1057 4392 ex
1070 4327 1246 4393 nominibus
1259 4348 1328 4413 quae
1342 4330 1427 4395 finito
1441 4339 1524 4412 sunt,
1535 4339 1570 4398 nt
1584 4351 1593 4396 :
1609 4331 1657 4398 An
1670 4332 1865 4399 inferendum

120 4437 286 4519 tenellum
306 4434 596 4519 appellationem,
619 4430 778 4509 omanem
798 4429 872 4494 item
895 4427 960 4506 illo,
1018 4426 1056 4490 sit
1074 4426 1192 4491 bellom
1213 4428 1528 4511 Corttoqim'emitm?
1543 4431 1679 4496 infinitos
1698 4449 1782 4511 vero,
1797 4451 1867 4514 qun

118 4533 218 4616 initu
230 4536 314 4613 heo,
327 4534 460 4616 infinito.
481 4555 498 4594 o
517 4531 677 4616 Sequitur,
692 4529 804 4612 inquit,
818 4528 858 4592 de
871 4527 959 4607 ling.
1019 4523 1174 4589 vocabulis
1187 4545 1256 4609 qum
1269 4525 1387 4592 infinito
1399 4535 1484 4608 sunt,
1495 4534 1547 4595 ut:
1561 4530 1610 4593 An
1622 4529 1818 4594 inferendum
1827 4529 1867 4594 sit

7 4615 8 4670 ἕ
119 4629 179 4712 ht,
198 4635 220 4698 1.
240 4632 322 4709 vm,
345 4636 397 4711 80,
422 4631 462 4696 de
477 4629 667 4707 nominibus,
689 4647 758 4711 qum
776 4626 920 4690 differunt
942 4643 960 4687 s
1019 4619 1136 4686 bellum
1149 4623 1298 4688 hostibus?

7 4749 8 4758 ¹
120 4732 269 4798 vocabulis
288 4732 362 4796 ideo
377 4730 462 4814 quod
475 4736 548 4795 sunt
561 4729 660 4806 finito,
674 4747 711 4791 oo
729 4725 898 4806 significant
913 4742 962 4787 res
997 4723 1002 4732 '

8 4849 9 4860 ¹
119 4830 264 4912 mpsim,
286 4837 324 4894 ot
345 4829 456 4908 Poris,
481 4828 616 4905 Helena;
637 4845 710 4891 oum
731 4823 881 4890 vocabulo
902 4822 961 4886 sint
1074 4815 1153 4886 105.
1199 4824 1324 4910 Propria
1339 4829 1465 4895 nomine
1475 4829 1659 4894 distribuunt
1672 4830 1864 4912 grammatici

120 4921 294 5006 inanimae
315 4945 367 4992 res
387 4943 570 4992 communes
585 4923 760 5006 designent,
774 4921 880 4997 utoir,
899 4939 962 4982 mo·
1019 4919 1051 4984 in
1072 4928 1205 5006 quotuor
1217 4932 1319 5008 pontes
1339 4951 1347 4992 z
1361 4947 1545 5011 prenomen.
1566 4949 1681 5000 nomen,
1700 4947 1865 5011 mortemon,

119 5019 212 5088 Item
230 5025 329 5102 idem,
345 5025 367 5088 1.
383 5023 424 5104 X,
439 5027 479 5089 20
500 5043 510 5088 z
535 5046 551 5085 o
570 5022 639 5087 Non
663 5022 745 5086 idem
768 5018 908 5102 oppedum
930 5024 962 5080 et
1020 5040 1203 5114 annonem
1217 5022 1328 5107 quibus
1341 5027 1423 5091 venie
1438 5027 1639 5110 explicentur.
1653 5027 1717 5092 Nos
1726 5027 1867 5091 dabimus

8 5119 9 5176 i
119 5117 226 5202 Bw
239 5142 314 5189 oum
336 5121 478 5206 oppidem
495 5121 534 5186 sit
553 5119 756 5197 vocobulum
777 5117 883 5195 Rmno,
906 5133 961 5179 no·
1019 5137 1145 5202 opernm
1154 5122 1375 5188 neeVamonis
1388 5144 1425 5189 oo
1440 5125 1594 5191 Ciceronis
1606 5125 1756 5191 sententio
1768 5125 1867 5190 disoe-

120 5233 197 5285 men.
217 5244 234 5281 ι
251 5221 353 5300 Idem,
375 5220 399 5284 l.
423 5217 504 5300 vlu,
528 5223 569 5284 45
591 5242 598 5282 :
625 5241 641 5279 o
659 5215 880 5292 vocabamus
897 5234 962 5277 eeu·
1020 5218 1139 5283 domus.
1164 5219 1346 5288 Pronomen
1369 5222 1426 5289 suit
1447 5226 1604 5308 proprium
1625 5227 1792 5311 cujusqu03
1811 5244 1867 5290 no·

119 5323 187 5397 tn,
200 5313 842 5403 oiodimnmominmntltomolacs,Remus.
856 5335 871 5373 o
884 5311 961 5378 ilino
1020 5333 1103 5395 men,
1129 5318 1222 5384 totius
1244 5320 1365 5386 imniliae
1386 5341 1569 5407 commune,
1593 5343 1781 5407 cognomen,
1804 5323 1867 5388 sive

118 5411 247 5484 rhetores
259 5419 366 5486 finitos
378 5415 561 5502 questiones
578 5420 708 5490 somnt,
730 5431 799 5494 quae
819 5417 960 5476 constent
1020 5425 1276 5498 cognomentum,
1291 5427 1344 5485 ant
1356 5439 1394 5486 ex
1407 5423 1534 5502 virtute,
1548 5429 1603 5487 out
1616 5423 1702 5503 vitio,
1716 5429 1771 5486 out
1782 5421 1868 5486 deni·

1689 5541 1727 5603 ii
