4646 6164
475 555 550 635 388

481 713 623 778 abluisse.
636 711 827 774 u-Neuem.
843 709 959 786 Cicero,
972 708 1071 784 Fam,
1085 708 1106 769 l.
1122 705 1201 784 xvi,
1216 725 1265 787 ep.
1280 710 1311 784 9,

478 813 497 872 2
515 828 523 871 :
539 809 630 873 «Nos
643 828 681 872 eo
694 808 744 870 die
762 805 869 870 ooenati
884 805 1041 868 solvimus.
1056 825 1072 863 ι
1090 803 1146 866 Hic
1159 803 1252 865 etiam
1268 803 1313 866 iu·

474 909 594 971 terdum
615 906 787 969 adhibetur.
803 906 910 981 Caesar,
924 903 1009 965 Bello
1024 902 1096 979 civ,
1113 902 1135 964 l.
1153 901 1180 980 l,
1199 921 1229 964 c.
1246 903 1310 964 28:

477 1005 669 1087 «Pompeius
681 1003 739 1066 sub
753 1008 876 1066 noctem
890 1019 977 1064 uoces
991 1000 1115 1062 solvit.»
1133 1035 1174 1048 -
1188 998 1310 1062 Ceturn.

476 1104 587 1181 Livius,
607 1103 629 1164 Ι.
652 1100 801 1178 xxxvii,
829 1119 858 1163 c.
884 1102 903 1161 3
925 1118 934 1162 :
953 1097 1095 1161 «Nursiae
1117 1115 1224 1161 sereno
1243 1097 1312 1160 satis

479 1201 637 1265 constabat
654 1199 792 1262 nimbum
813 1203 913 1260 ortum
923 1214 960 1275 ;ι
978 1195 1062 1277 quod
1077 1195 1169 1276 paulo
1187 1193 1312 1258 interius

483 1299 647 1381 expressit,
663 1317 692 1360 c.
705 1301 725 1359 t
739 1315 748 1360 ι
765 1318 780 1356 ι
794 1295 870 1360 Coeto
883 1312 990 1359 sereno
1003 1293 1134 1357 interdiu
1151 1293 1311 1357 obscurata

470 1396 525 1460 lux
538 1403 592 1459 etl.
607 1416 622 1453 ι

512 1493 547 1557 ln
562 1493 620 1556 illis
635 1512 644 1556 :
659 1493 751 1556 decies
762 1493 942 1570 sestertium,
955 1492 1040 1554 uicies
1052 1491 1233 1566 sestertium,
1247 1510 1311 1552 een-

472 1593 526 1654 ties
539 1591 715 1668 ιιιιινιίιιιιι,
731 1597 762 1653 et
776 1590 807 1652 id
823 1608 920 1670 genus
933 1589 1059 1666 oaeteris,
1073 1589 1112 1651 ad
1126 1587 1312 1668 implendam

359 1708 362 1716 ’
473 1690 641 1754 orationem
649 1689 962 1752 desideratur-centeno
974 1688 1088 1764 mittio,·
1099 1705 1171 1749 nam
1182 1685 1310 1768 antiqui,

476 1795 510 1852 ut
530 1789 621 1852 docet
641 1787 783 1865 Budaeus,
802 1787 842 1850 de
855 1788 942 1864 Asse,
955 1786 976 1849 l.
992 1786 1016 1864 l,
1027 1807 1059 1869 p.
1076 1789 1125 1863 37,
1138 1785 1229 1848 decies
1246 1803 1312 1846 eeu-

475 1894 543 1949 teuo
557 1886 654 1948 mittio
669 1886 841 1962 sestertium,
855 1886 958 1948 emties
967 1893 1085 1947 centena
1099 1884 1196 1946 mittio
1208 1892 1311 1945 sester-

472 1985 545 2044 tium
563 1983 725 2064 dioebent3
740 1989 845 2064 postea
862 2001 935 2046 usus
955 1982 1097 2060 obtinuit,
1114 1988 1149 2043 ιιι
1167 1999 1311 2062 compen-

474 2081 559 2145 diose
573 2080 664 2142 decies
677 2081 852 2159 sestertium,
867 2082 973 2143 centies
985 2080 1148 2143 sestertium
1162 2079 1309 2142 dicerent.

473 2181 619 2245 Nonnulli
639 2182 809 2262 scriptores,
828 2182 961 2244 maxime
982 2185 1092 2261 poetae,
1114 2179 1311 2260 compendio

471 2278 533 2341 sius
546 2279 719 2359 loquentes,
728 2277 830 2356 dem'es,
840 2278 934 2356 uuus,
944 2279 1049 2340 centies
1060 2282 1179 2339 tantum
1192 2275 1309 2339 dicunt.

473 2375 624 2455 Martialis,
636 2378 657 2440 l.
671 2375 708 2454 V,
721 2376 816 2458 epigr.
830 2379 879 2451 37,
891 2395 921 2437 v.
932 2379 994 2440 tt:
1074 2437 1083 2450 ,

532 2529 668 2581 ducenties
681 2530 789 2593 aceepit,
798 2535 826 2579 et
837 2535 924 2580 nmen
935 2527 1008 2579 vivit

483 2662 598 2740 Cicero,
612 2680 668 2745 pro
682 2661 751 2726 Sex.
765 2662 856 2725 Ruso.
872 2660 1038 2738 amendi,
1051 2665 1112 2726 om
1124 2662 1209 2726 Bona
1221 2662 1313 2746 patris

475 2761 602 2841 hujusce
610 2760 692 2823 Sexti
699 2759 799 2823 Roscii
803 2778 890 2842 ,quae
899 2760 1116 2842 suntsesogies,
1124 2778 1193 2842 que
1203 2760 1242 2823 de
1249 2760 1312 2823 viro

360 2905 363 2916 .
477 2857 642 2923 lenissimo
662 2864 694 2920 et
714 2857 889 2935 clarissimo,
911 2857 947 2922 L.
965 2856 1057 2939 Sylla,
1075 2877 1168 2940 quem
1190 2858 1313 2922 hunone

474 2974 564 3019 causa
591 2957 733 3032 nomino,
762 2955 883 3018 duobus
901 2955 1035 3018 millibus
1060 2973 1222 3019 nummum
1247 2973 1313 3019 sese

476 3053 550 3115 dicit
579 3055 688 3116 emisse
718 3053 896 3116 adolescens
921 3058 969 3118 vel
1001 3053 1227 3135 potentissimus
1253 3054 1313 3117 hoe

475 3155 620 3231 tempore
640 3157 749 3214 uostrae
763 3151 899 3229 civitatis,
914 3150 948 3214 L.
967 3150 1123 3215 Cornelius
1146 3150 1313 3232 Chrysoge

382 3305 386 3312 .
473 3263 543 3309 [lut.
559 3269 574 3306 n

512 3344 693 3428 Verbaque
709 3355 835 3428 excepte
845 3347 964 3409 aetionis
973 3353 1131 3426 vocantur,
1144 3355 1179 3411 ut
1190 3347 1314 3428 prandi-

472 3451 548 3522 uot,
574 3445 671 3526 ptuit,
694 3445 813 3508 occulte
834 3445 989 3508 antecedit
1007 3445 1055 3508 vel
1081 3464 1130 3508 res
1151 3446 1253 3524 verbi,
1280 3452 1315 3508 ut

472 3541 606 3619 prendo,
616 3543 734 3623 pluvie,
747 3543 795 3604 vel
809 3543 897 3621 Deru,
911 3542 960 3605 vel
970 3551 1089 3621 notura
1099 3548 1133 3606 ut
1142 3542 1316 3623 grammati·

386 3681 389 3690 -
477 3638 521 3700 cis
535 3639 645 3720 placet.
661 3639 886 3721 Nonnunquam
900 3641 950 3702 alii
964 3641 1057 3704 etiam
1072 3642 1248 3706 nominandi
1265 3659 1314 3704 es-

483 3753 534 3798 sus
547 3736 733 3819 praecedunt.
748 3736 900 3819 Virgilius,
913 3738 1021 3818 Georg.
1036 3738 1086 3816 lV,
1101 3757 1131 3802 v.
1142 3741 1199 3803 81:

498 3879 499 3884 '
534 3887 587 3938 Nec
595 3887 629 3938 de
640 3901 763 3939 concussa
774 3889 949 3953 tantumpluit
958 3889 1017 3941 lllce
1024 3889 1139 3956 plaudis.

476 4019 623 4098 Tibullus,
637 4021 659 4084 l.
672 4020 709 4099 ll,
725 4023 803 4102 eleg.
818 4027 850 4100 5,
862 4041 891 4084 v.
907 4026 942 4084 'lt
960 4041 968 4085 ι

536 4173 579 4225 lire
588 4172 643 4225 tore
652 4173 772 4225 dixerunt
784 4174 845 4227 belli
855 4174 920 4225 mals
934 4175 1016 4238 signu,
1024 4181 1151 4240 cometen,

534 4253 631 4306 ltultus
643 4260 673 4304 at
684 4255 711 4304 in
723 4260 806 4305 terras
819 4253 1000 4319 deplueretque
1013 4255 1091 4320 lupis.

477 4397 605 4476 Plinius,
618 4399 640 4461 l.
655 4396 695 4475 ll,
711 4417 738 4461 c.
759 4401 811 4475 57,
826 4401 863 4461 2:
881 4397 1030 4478 «Effigies
1047 4419 1112 4481 que
1128 4402 1207 4482 ptuit
1222 4421 1314 4484 spon-

477 4495 595 4575 giarum
608 4495 673 4558 lere
684 4495 864 4559 similisluit.
880 4517 895 4555 ι

513 4593 728 4656 Desiderantur
738 4593 830 4656 etiam
840 4593 1019 4674 pronomina
1027 4601 1097 4658 ante
1110 4596 1313 4679 verbaprimse

476 4699 507 4754 et
526 4691 667 4754 secunde
687 4709 835 4773 personae,
857 4710 926 4772 quae
940 4692 1005 4754 lere
1031 4710 1093 4756 nou
1110 4693 1313 4775 explicantur,

478 4788 536 4851 nisi
551 4788 642 4851 certis
660 4789 698 4850 de
722 4788 835 4866 causis;
851 4806 911 4869 qua
931 4788 968 4851 de
986 4807 1020 4852 re
1037 4788 1121 4853 initio
1140 4791 1231 4871 hujus
1247 4791 1314 4856 librl

476 4887 665 4950 dictumest.
680 4884 795 4947 Eadem
807 4885 989 4965 pronomina
1002 4905 1082 4968 sepe
1091 4887 1302 4951 desiderantur

478 5001 548 5045 cum
570 4982 609 5044 ad
630 5002 663 5046 se
684 5001 844 5065 personam
869 4983 987 5046 tertiani
1009 4990 1156 5061 evocant,
1175 4990 1235 5048 ut:
1254 4984 1313 5051 Pro

484 5098 546 5143 uno
556 5081 617 5143 lilio
627 5081 689 5143 duo
701 5088 802 5161 patres
815 5082 1014 5162 deprecamur
1019 5101 1030 5161 ;
1040 5082 1092 5144 ubi
1103 5102 1154 5146 uos
1162 5083 1315 5147 desidera·

476 5183 536 5238 tur.
549 5177 720 5256 Terentius,
735 5177 831 5241 Andr.
846 5185 906 5241 aet.
922 5179 962 5256 ll,
975 5198 1018 5242 sc.
1030 5184 1062 5257 l,
1074 5199 1104 5243 v.
1119 5183 1178 5244 310
1193 5199 1202 5243 τ

536 5335 619 5388 Tacite
640 5336 730 5389 omnes
752 5351 810 5389 eum
835 5337 969 5402 velemus,
991 5345 1060 5392 reete
1082 5340 1187 5393 masilia
1211 5341 1315 5406 egrotis

1197 5421 1313 5487 [damus.

1064 577 1107 628 DE
1126 576 1297 628 mouente
1318 577 1613 636 constructione.

1370 708 1455 772 lianc
1468 714 1652 777 recentiores
1664 717 1856 778 euocotiouem
1867 719 2034 800 appellant.
2048 722 2205 790 -lieside-

1368 813 1528 967 rAEtrulnon
1542 829 1610 874 raro
1623 811 1784 875 relativum
1794 814 1856 895 qui,
1866 835 1944 898 qreoe,
1955 818 2045 899 quod.
2059 819 2203 902 Virgilius,

1410 921 1442 968 n.
1472 926 1526 976 ,v.
1544 909 1604 971 lt:

1436 1085 1502 1136 Urbs
1509 1087 1614 1152 antiqua
1623 1087 1680 1152 tuit,
1690 1090 1758 1154 Tyrii
1767 1097 1873 1144 tenuere
1881 1093 1974 1146 coloni.

1369 1245 1462 1310 Deest
1494 1251 1682 1314 accusativus
1712 1272 1809 1334 quem
1836 1254 2004 1318 -Verba
2033 1256 2202 1340 frequenter

1370 1344 1493 1408 absunt.
1512 1368 1528 1406 u
1541 1345 1572 1408 Si
1587 1345 1657 1410 Tiro
1670 1348 1709 1410 ad
1726 1368 1796 1428 me;
1810 1371 1826 1408 ι
1843 1351 1968 1415 auditur
1980 1357 2102 1417 emerit.
2122 1355 2202 1422 «Ge

1369 1441 1432 1520 gito
1453 1443 1483 1504 in
1500 1442 1724 1530 Tusculanum3
1740 1468 1755 1506 ι
1773 1447 1860 1511 deest
1879 1451 2036 1533 profieuu'.
2064 1476 2080 1512 u
2102 1453 2202 1518 Ridere

1367 1541 1548 1621 eonvivae3u
1564 1543 1655 1606 simul
1668 1544 1790 1608 auditur
1801 1548 1927 1609 verbum
1942 1560 2102 1630 ceperunt.
2119 1575 2136 1610 ιι
2146 1551 2204 1615 (2oe-

1367 1637 1414 1718 pit
1433 1639 1612 1702 calumniari
1636 1641 1701 1723 ipse
1726 1643 1889 1724 Apronius.
1905 1666 1921 1703 ι
1939 1645 2017 1708 Sunt
2039 1648 2092 1729 qui
2114 1648 2203 1712 existi-

1368 1741 1454 1797 ment
1470 1754 1537 1799 esse
1555 1737 1714 1819 enallageu
1727 1740 1890 1804 modorum
1907 1759 1916 1803 ι
1933 1741 2044 1822 redere,
2060 1763 2116 1825 pro
2134 1747 2203 1808 ride·

1366 1831 1457 1909 dunt,·
1474 1834 1528 1898 sed
1546 1835 1758 1915 Quintilianus,
1779 1843 1814 1898 ut
1833 1838 1927 1919 paulo
1943 1847 2015 1903 aute
2033 1840 2107 1920 dixi,
2125 1850 2202 1924 putet

1368 1946 1435 1992 esse
1453 1931 1677 2012 synecdochen.
1702 1932 1863 2015 uStupere
1883 1935 1990 2016 gaudio
2011 1936 2152 2002 Graecus:
2168 1939 2201 2001 si·

1372 2027 1438 2091 mul
1452 2030 1547 2108 enim,
1560 2030 1669 2112 inquit,
1686 2031 1708 2094 l.
1723 2031 1817 2110 1x‚c.
1834 2035 1864 2111 3,
1883 2035 1935 2110 58,
1950 2034 2073 2098 auditur
2082 2038 2197 2118 cepit..

1370 2123 1447 2199 Quid
1459 2125 1535 2187 miei
1551 2135 1654 2189 auctor
1671 2127 1721 2191 es?
1733 2129 1821 2193 deest
1840 2138 1873 2192 ut
1892 2132 2014 2213 socium.
2030 2131 2081 2196 Sic
2101 2132 2201 2196 Tereu-

1366 2220 1442 2299 tius‚
1458 2222 1590 2306 Adelph.
1606 2231 1667 2288 act.
1684 2224 1722 2304 V,
1737 2245 1782 2288 sc.
1796 2229 1827 2305 8,
1842 2246 1871 2289 v.
1888 2230 1972 2292 943ι

1541 2438 1649 2456 .....
1666 2401 1730 2456 idue
1743 2405 1807 2456 estis
1819 2411 1937 2457 suctores
1951 2405 2034 2456 mihi!

1368 2562 1507 2640 Plautus,
1520 2563 1633 2628 Pseud.
1649 2571 1709 2630 act.
1720 2565 1774 2643 IV,
1787 2585 1830 2630 sc.
1846 2570 1917 2644 7,ιι.
1934 2569 1974 2630 79
1989 2585 1998 2628 :

1527 2782 1639 2798 .....
1657 2747 1723 2810 Quid
1737 2761 1805 2799 nuuc
1818 2748 1882 2799 mlhl
1893 2759 1922 2800 es
1934 2753 2033 2808 auctor,
2045 2747 2128 2798 Simot

1368 2905 1449 2970 Vide
1476 2905 1624 2970 Budaeum
1655 2907 1686 2970 in
1715 2906 1919 2971 Commentar.
1948 2908 2064 2988 linguae
2091 2924 2201 2987 grace,

1369 3023 1402 3086 p.
1423 3007 1512 3068 1002.
1535 3004 1650 3069 Plinius
1673 3005 1808 3084 Caninio,
1827 3007 1849 3069 l.
1872 3006 1910 3085 ll,
1931 3023 1982 3089 ep.
1997 3010 2037 3069 8:
2057 3005 2202 3069 «Studest

1369 3120 1409 3164 an
1425 3102 1568 3184 piscaris?
1582 3121 1621 3165 an
1634 3104 1771 3166 venerist
1784 3123 1822 3166 an
1838 3104 1930 3167 simul
1945 3104 2070 3168 omuiat
2083 3125 2098 3162 ι
2112 3103 2204 3166 οιιιίιίι

1373 3199 1504 3262 verbum
1520 3201 1606 3282 seme.
1625 3199 1741 3274 Cicero,
1758 3202 1836 3281 nu,
1854 3200 1922 3276 XV,
1940 3220 1991 3283 ep.
2007 3205 2039 3279 9,
2060 3204 2079 3263 9
2097 3220 2104 3263 :
2122 3200 2202 3262 «Sed

1369 3298 1475 3378 plura,
1497 3316 1570 3361 cum
1596 3297 1653 3360 ists
1679 3315 1830 3378 cognor03
1849 3321 1864 3358 ι
1886 3298 2013 3361 scribam
2031 3297 2203 3360 extrinsecus

1369 3397 1590 3460 assumendum
1604 3404 1660 3461 est.

1408 3494 1607 3557 Desideratus
1620 3501 1652 3557 et
1669 3494 1820 3558 inlinitum
1838 3515 1906 3558 esse.
1922 3495 2096 3572 Terentius,
2113 3493 2200 3556 Andr.

1369 3597 1429 3655 eet.
1443 3591 1468 3670 1,
1479 3611 1523 3656 sc.
1538 3595 1570 3670 o,
1582 3610 1612 3653 v.
1626 3593 1686 3656 939
1702 3610 1710 3652 :

1434 3794 1543 3809 .....
1561 3759 1650 3810 Nonne
1662 3759 1733 3823 prius
1744 3761 1962 3811 communicatum
1976 3758 2104 3824 oportun

1369 3909 1469 3990 idem,
1486 3910 1595 3974 fleant.
1607 3916 1666 3973 aet.
1679 3909 1730 3988 lV,
1746 3930 1790 3974 so.
1803 3916 1833 3990 t,
1847 3877 1952 4000 ι.”’635
1966 3930 1974 3973 :

1433 4117 1543 4132 .....
1561 4081 1742 4147 interemptam
1756 4081 1878 4146 oportuit.

1370 4235 1525 4299 luterdum
1542 4235 1720 4316 explicatur.
1743 4234 1859 4313 Cicero,
1882 4253 1938 4317 pro
1957 4234 2092 4312 Cluent,
2112 4251 2140 4294 c.
2157 4233 2203 4308 39,
2303 4299 2304 4316 1

1370 4337 1430 4398 90:
1451 4332 1544 4395 oliae
1565 4333 1634 4413 lege
1654 4338 1829 4396 accusatum
1843 4351 1901 4395 esse
1913 4332 2090 4413 oportuit.»
2112 4329 2203 4404 idem,
2303 4323 2304 4340 ¹

1370 4431 1383 4492 l
1406 4430 1489 4509 Cat,
1514 4450 1543 4493 c.
1572 4434 1603 4504 2,
1624 4433 1663 4494 5:
1686 4429 1781 4494 siloc
1796 4431 1878 4511 quod
1894 4431 2079 4512 jampridem
2096 4427 2204 4490 lactum

1369 4548 1427 4592 esse
1442 4529 1587 4610 oportuit,
1603 4534 1686 4591 certa
1706 4528 1745 4591 de
1764 4547 1855 4590 cause
1872 4527 2012 4591 nondum
2029 4527 2163 4590 adducor
2175 4531 2205 4584 ut

1368 4627 1489 4689 faciam.
1506 4647 1522 4685 ιι
1537 4625 1571 4688 ln
1589 4627 1656 4688 his:
1671 4624 2206 4707 foetumuoto,muiiemdotum‚egone

1371 4732 1399 4788 te
1415 4725 1507 4786 visun
1534 4729 1587 4786 sut
1609 4723 1743 4786 auditum
1763 4725 1861 4800 vetem,
1880 4730 1913 4786 et
1935 4723 2053 4786 ceteris
2074 4721 2204 4804 eiusdem

1370 4821 1510 4902 generis,
1537 4838 1605 4902 quae
1628 4820 1734 4883 crebro
1761 4821 1843 4902 apud
1868 4819 2046 4883 Terentium
2076 4818 2204 4899 aliosque

1302 4937 1314 4968 ι
1370 4928 1510 4982 auctores
1520 4918 1727 4999 reperiuntur,
1742 4918 1861 4981 videtur
1876 4917 1958 4980 idem
1972 4917 2124 4980 inlinitum
2135 4912 2205 4978 desi-

1370 5016 1485 5091 derari;
1506 5016 1537 5078 in
1554 5016 1667 5098 quibus
1687 5015 1905 5093 Quintilianus,
1921 5015 1942 5077 l.
1958 5015 2012 5093 lx,
2026 5034 2057 5078 c.
2072 5019 2106 5092 3,
2125 5019 2156 5090 9,
2169 5011 2205 5074 sit

1369 5114 1559 5197 participium
1577 5132 1635 5196 pro
1656 5113 1749 5177 verbo
1767 5112 1841 5194 poni
1866 5132 1874 5174 :
1902 5135 1918 5172 ι
1939 5111 2071 5191 Utimur,
2095 5111 2201 5193 inqsrit,

1370 5209 1529 5293 participio
1548 5209 1731 5292 proverbe,
1756 5216 1790 5272 ut
1810 5208 1879 5272 Volo
1896 5208 2009 5271 dutum.
2029 5231 2045 5268 ι
2062 5207 2205 5287 intelliga-

1370 5327 1439 5372 mus
1452 5307 1551 5372 obiter
1563 5307 1746 5388 diremptam
1757 5307 2027 5387 grammaticorum
2039 5314 2204 5370 controver-

1370 5405 1465 5468 siam:
1480 5413 1551 5468 sunt
1565 5405 1647 5467 enim
1663 5403 1715 5484 qui
1727 5405 2031 5488 perticipiahaecesse
2041 5401 2204 5480 disertuli
