4630 6164
638 371 873 421 CONSTRUCTIO
895 373 1103 424 Tannstrlvn
1124 375 1347 426 Paonoulnrs.
1798 352 1873 429 349

126 499 274 580 genitivos
294 499 403 580 jungi,
419 501 554 581 exceptis
566 501 625 578 bis,
640 501 744 579 unias,
759 502 968 583 solinaipsias,
1028 512 1058 566 te
1080 505 1203 568 miseret
1222 508 1281 567 mei
1296 507 1398 568 mareri
1418 512 1449 568 et
1466 507 1614 587 infelicis?
1633 507 1682 570 Sic
1703 507 1874 587 Terentius,

127 603 158 657 ut
180 613 189 655 ι
215 593 242 655 T
239 595 273 655 oi
293 595 379 656 onitu
400 612 462 657 uon
484 596 657 658 misereris?
682 595 898 680 Unusquisque
925 600 973 662 sai
1029 600 1139 664 lleaut.
1154 609 1214 665 act.
1229 603 1268 680 V,
1282 621 1326 666 so.
1343 608 1372 682 5,
1385 624 1415 666 v.
1432 607 1535 668 l028:

130 693 215 774 aperire
235 709 342 754 comm
364 692 451 772 gerit.
471 693 568 754 affert
586 694 670 756 idem
689 694 795 757 locum
816 695 970 774 Terentii,

131 789 237 852 fleant,
253 797 315 851 aet,
331 789 357 865 l,
370 808 413 852 sc,
428 795 460 865 1,
473 808 503 850 v,
519 792 596 854 1282
1092 819 1202 834 .....
1221 785 1304 846 Atque
1318 784 1406 848 inopis
1420 797 1488 834 nuuc
1502 791 1528 833 te
1543 785 1694 853 miserescat
1708 787 1765 835 urei.

356 954 466 972 .....
484 923 548 972 llam
560 929 599 974 tot
609 923 659 974 mei
673 922 709 986 (2)

185 1000 273 1052 sottus
288 1001 391 1053 sortiuti
405 1009 467 1052 sunt
477 1005 572 1054 censer
1029 953 1119 1025 Quod
1135 952 1159 1015 si
1175 970 1346 1033 pronomen
1368 953 1545 1033 ambiguam
1566 954 1737 1018 orationem
1756 955 1876 1033 efficiat,

1028 1053 1166 1108 mutetur
1180 1046 1326 1126 loquendi
1339 1047 1427 1122 ratio,
1442 1046 1541 1128 qualis
1553 1055 1654 1110 esset:
1669 1049 1809 1114 Miserere
1822 1052 1881 1111 mei

129 1129 181 1191 Ubi
193 1129 225 1191 in
239 1129 382 1191 omnibus
396 1130 478 1193 libris
491 1149 569 1212 quos
582 1131 707 1212 quidem
721 1131 860 1206 viderim,
880 1156 895 1192 c
909 1153 970 1194 mea
1027 1143 1139 1223 famuli
1159 1141 1269 1222 inopis.
1286 1142 1361 1205 Peto
1375 1163 1392 1204 a
1407 1149 1437 1206 te
1452 1151 1486 1205 ut
1498 1144 1572 1205 mr‘hi
1582 1145 1751 1208 miserrimo
1765 1148 1878 1226 samue

127 1227 240 1288 soliusn
260 1227 382 1307 iegitur.
405 1227 495 1290 Certe
514 1246 575 1291 uon
597 1228 686 1291 video
703 1249 757 1291 cur
770 1247 832 1292 non
853 1228 980 1292 dicatur.
1029 1239 1199 1302 subvenias,
1220 1238 1278 1302 Sed
1293 1239 1323 1301 in
1338 1241 1398 1303 hoc
1411 1241 1558 1322 loquendi
1575 1259 1688 1322 genere
1704 1241 1769 1306 lere
1789 1246 1879 1306 omit-

123 1323 202 1386 bene
216 1324 309 1386 latine
325 1348 332 1386 :
349 1324 448 1386 Pudet
461 1343 511 1388 me
529 1326 577 1387 tui
589 1326 713 1388 bominis
724 1327 889 1388 vanissimi.
903 1327 972 1390 Non
999 1297 1003 1417 Ι
1028 1343 1133 1398 tantur
1152 1336 1217 1398 lraee
1236 1338 1434 1417 pronomina,
1456 1338 1524 1400 sic:
1547 1338 1643 1416 Herc,
1665 1339 1808 1402 miserere
1830 1343 1878 1420 so-

999 1439 1003 1581 ἱ
1029 1435 1122 1510 muli,·
1140 1434 1239 1510 Pater,
1263 1435 1441 1496 memineris
1460 1435 1539 1515 fitia·
1552 1434 1620 1498 Non
1641 1437 1767 1498 miseret
1787 1440 1879 1516 hujus

157 1545 192 1609 (Ξ)
209 1545 327 1598 Lemaire
340 1555 367 1598 et
378 1548 500 1600 Teubner
508 1549 605 1600 babent
616 1562 682 1600 maa.
1030 1531 1197 1594 calamitosi
1215 1530 1333 1594 eruta?

852 1759 1104 1829 EXCEPTIO
1130 1759 1157 1828 l.

180 1906 271 1984 377.
303 1906 468 1984 Interest
488 1915 618 1987 lamen
639 1917 678 1988 et
698 1915 822 2010 refert
835 1907 1024 1987 ablativos
1039 1933 1139 2004 mco,
1157 1919 1237 2006 tun,
1255 1935 1338 2005 mo,
1355 1920 1501 2008 nostra,
1518 1922 1643 1988 oestro
1658 1893 1880 1989 sibi'vindi-

122 2020 276 2128 carnut,
294 2030 436 2134 quibus
460 2032 634 2112 ablativis
653 2033 739 2112 addi
762 2041 923 2138 possunt
943 2032 1099 2140 genitivi
1121 2037 1249 2130 nnius,
1274 2034 1405 2132 soleba,
1431 2037 1562 2137 apsens,
1586 2035 1792 2139 eaelerique
1814 2034 1879 2140 qui

129 2155 348 2260 possessivis
362 2155 571 2253 adduntur,
596 2167 638 2236 ut
664 2189 672 2235 :
697 2159 783 2238 Meo
803 2163 917 2236 narba
935 2157 1107 2257 interest3
1138 2157 1219 2233 Tuo
1242 2159 1361 2235 solius
1383 2157 1520 2259 relert3
1546 2159 1689 2239 Nostro
1710 2164 1880 2262 aprorum

129 2279 287 2359 interest
302 2279 397 2358 vilia
412 2280 644 2386 exstirpare.
664 2281 699 2358 Τ
695 2281 1036 2386 acrempublicam
1053 2283 1356 2360 odmrnestrnntic
1370 2281 1529 2360 interest
1544 2309 1698 2387 semper
1707 2283 1878 2389 vigilare.

165 2447 220 2510 llic
234 2449 320 2510 nulla
334 2455 473 2511 veterum
494 2453 660 2511 occurrunt
677 2447 850 2511 testimonia
868 2473 875 2512 :
892 2449 974 2513 dice·
1032 2450 1165 2513 maxime
1186 2455 1232 2512 est
1254 2468 1324 2511 eum
1344 2449 1466 2531 propria
1488 2450 1651 2529 adduntur,
1673 2459 1708 2514 ut
1728 2471 1737 2513 :
1754 2434 1881 2514 luterest

129 2563 197 2607 mus
207 2545 321 2607 ctiam:
339 2545 441 2608 Vestro
453 2567 612 2628 paucerum
627 2547 753 2609 interest
763 2547 843 2609 cives
855 2565 976 2610 couser·
1030 2569 1094 2610 mec
1116 2548 1240 2610 Antonii
1257 2547 1423 2628 discipulos
1448 2548 1479 2609 in
1508 2548 1608 2611 officio
1634 2549 1790 2612 continere
1797 2567 1807 2626 3
1833 2550 1882 2612 vel

128 2661 206 2719 vare,
223 2643 296 2724 quia
310 2644 415 2706 vestris
426 2664 588 2725 pancorum
600 2644 735 2707 laudibus
747 2644 879 2725 legimus
892 2646 974 2727 apud
1030 2646 1210 2708 omittantur
1232 2645 1382 2726 propria,¹
1401 2656 1435 2708 ut
1462 2643 1536 2708 lecit
1558 2646 1694 2708 Valerius
1715 2645 1881 2723 Maximus,

132 2741 276 2818 Brutum,
290 2744 312 2804 l.
328 2741 353 2818 l,
370 2762 420 2823 ep.
437 2748 467 2804 7.
482 2743 523 2804 dt
541 2743 645 2804 Vestro
657 2762 712 2806 seu
724 2752 828 2806 nostro
847 2745 974 2805 omnium
1031 2744 1052 2805 l.
1073 2743 1126 2820 Vl,
1151 2762 1178 2805 c.
1199 2745 1219 2804 2
1238 2743 1269 2804 iu
1287 2742 1363 2820 line„
1383 2743 1422 2805 de
1437 2743 1599 2807 Theodoro
1623 2744 1805 2824 philosopho
1830 2745 1880 2805 lo-

125 2839 251 2902 interest
270 2839 351 2903 bene
372 2841 486 2917 vivere,
503 2849 570 2903 tum
588 2841 701 2919 dicem,
722 2860 795 2904 cum
813 2843 896 2922 apud
908 2842 974 2904 ido·
1031 2859 1129 2922 quens
1148 2859 1155 2901 :
1174 2865 1189 2901 r
1209 2840 1278 2902 Mea
1303 2840 1431 2922 quidem
1455 2840 1527 2902 nibil
1549 2840 1675 2903 interest
1694 2839 1819 2902 humine
1840 2858 1879 2900 au

126 2953 202 3000 neos
224 2945 368 3000 auctores
384 2938 488 3019 legero
507 2939 672 3020 genitivum
690 2939 820 3000 omnium
833 2940 975 3021 possessi·
1031 2938 1161 3002 sublime
1186 2944 1358 3020 putrescam
1370 2957 1380 3018 ;
1408 2961 1424 2997 n
1451 2947 1505 3001 ant
1527 2939 1685 3001 omittatur
1707 2956 1879 3020 pronomen

125 3036 168 3096 vis
188 3037 354 3116 junctum3
381 3036 505 3099 interim
532 3037 632 3099 dicam
656 3056 664 3100 :
692 3037 821 3100 lutercst
845 3038 973 3099 omnium
1031 3037 1144 3118 ipsum,
1156 3037 1240 3118 quod
1255 3035 1327 3102 iecit
1341 3037 1460 3112 Cicero,
1474 3036 1596 3100 Tuscul.
1610 3037 1631 3098 l.
1648 3037 1672 3114 l,
1688 3055 1715 3105 e,
1732 3039 1783 3111 te,
1797 3039 1877 3100 tot:
1969 3095 1973 3102 .

129 3141 263 3195 nostram
277 3141 360 3196 recte
373 3134 485 3198 vivere.
499 3133 605 3196 Refert
620 3135 746 3196 omnium
759 3143 888 3198 oestrum
900 3143 974 3198 aute
1037 3135 1214 3197 «Theodori
1235 3135 1361 3218 quidem
1379 3134 1453 3197 nibil
1472 3135 1598 3198 interest
1620 3135 1746 3198 humine
1767 3154 1805 3198 an
1829 3155 1879 3197 su·

127 3233 204 3291 actae
216 3230 288 3292 vitm
300 3230 449 3292 rationem
469 3230 610 3293 reddere.
626 3229 658 3292 ln
671 3249 733 3312 qua
745 3231 901 3294 locutione
922 3250 974 3312 ge·
1030 3233 1124 3295 blime
1136 3239 1337 3314 putrescat3n
1360 3233 1413 3294 ubi
1423 3233 1462 3295 de
1473 3251 1505 3294 se
1514 3234 1650 3314 loquitur
1661 3235 1726 3316 ipse
1738 3233 1879 3296 Theodo-

46 3321 51 3332 '
129 3327 240 3390 uitivus
254 3328 381 3389 cranium
396 3327 525 3390 averbis
538 3330 647 3410 refert,
661 3330 781 3391 interest
794 3328 927 3410 regitur;
942 3334 974 3390 at
1030 3349 1093 3392 rus.
1119 3329 1258 3411 Denique
1285 3332 1309 3393 si
1336 3331 1420 3393 dicas
1445 3349 1453 3392 :
1483 3353 1498 3390 u
1521 3330 1652 3393 Interest
1675 3339 1727 3392 tua
1750 3330 1878 3394 Caesaris

129 3423 251 3504 genitivi
271 3434 414 3501 nostrum,
436 3435 565 3488 uestram
584 3445 602 3488 a
621 3427 746 3490 nomine
766 3428 870 3504 omnr's,
889 3426 972 3508 quod
1030 3429 1114 3490 victis
1137 3429 1312 3508 ignoscere,
1332 3451 1347 3487 n
1370 3428 1567 3508 grammatice
1586 3428 1713 3509 quidem
1735 3437 1766 3490 et
1792 3447 1877 3493 more

125 3521 303 3602 partitivum
316 3529 375 3585 est.
390 3521 500 3601 Livius,
517 3524 538 3585 l.
554 3523 663 3598 Xlllll,
681 3543 708 3585 c.
723 3525 787 3586 ts:
808 3523 973 3584 «Maccdo-
1031 3525 1204 3587 Graecorum
1223 3524 1383 3604 loqueris·,
1399 3524 1481 3586 uude
1502 3531 1548 3587 est
1567 3517 1642 3586 illud
1660 3525 1697 3586 b.
1720 3525 1817 3600 Pauli,
1838 3527 1875 3586 ad

127 3639 194 3680 acm
205 3617 272 3681 lere
286 3619 414 3682 omnibus
427 3627 462 3682 ut
471 3628 632 3682 manerent
646 3619 804 3700 persuasit.
816 3643 831 3678 n
845 3620 970 3695 Plinius,
1030 3622 1324 3700 Thessalonicenses,
1340 3622 1378 3700 ll,
1392 3641 1438 3696 ιιι,
1452 3626 1510 3685 rt:
1531 3645 1546 3682 e
1563 3622 1596 3684 ‘O
1611 3623 1756 3699 ἀσπασμὸς
1772 3631 1806 3705 τῇ
1821 3625 1875 3706 ἐμῇ

124 3717 144 3778 Ι.
162 3717 221 3793 lll,
243 3737 272 3780 c.
290 3719 344 3793 bl,
359 3723 378 3780 ἓ
395 3741 402 3781 :
422 3719 579 3780 «Piscium
601 3719 730 3780 omnibus
752 3719 857 3781 serrati
879 3719 972 3797 (den
1028 3723 1102 3803 χειρὶ
1122 3721 1234 3782 Παύλου
1255 3738 1293 3782 :a
1315 3719 1464 3784 Salutatio
1484 3739 1548 3782 mec
1572 3740 1662 3782 manu
1685 3720 1787 3782 Pauli.
1816 3721 1876 3782 Ne-

124 3820 234 3894 tes).r
254 3816 313 3888 Qui
327 3834 399 3880 vero
417 3818 545 3879 Interest
558 3827 660 3879 nostro
673 3818 800 3878 omnium
817 3818 971 3894 dixerunt,
1029 3839 1090 3902 que
1116 3820 1175 3880 boc
1195 3817 1296 3880 solum
1319 3837 1336 3879 e
1357 3835 1456 3897 graeco
1480 3824 1637 3898 sumptum
1660 3829 1721 3894 est,
1746 3826 1779 3880 ut
1799 3817 1876 3879 Lau-

126 3913 223 3976 seeuti
239 3922 312 3976 suut
324 3915 533 3992 laurentium,
547 3915 568 3977 l.
584 3913 619 3992 ll,
635 3934 663 3978 o.
680 3919 709 3992 l,
723 3917 775 3997 qui
792 3916 875 3998 apud
887 3915 972 3978 Cice·
1027 3917 1155 3993 rentius,
1174 3916 1197 3978 l.
1213 3915 1251 3992 ll,
1271 3934 1299 3978 e.
1316 3918 1331 3975 l
1347 3915 1490 3991 emedio,
1510 3914 1670 3995 significat,
1685 3914 1739 3978 sed
1753 3933 1789 3977 eo
1807 3934 1874 3995 quae

126 4029 247 4087 ronam,
267 4011 306 4073 de
321 4011 417 4090 Orat,
436 4013 459 4076 l.
476 4011 528 4086 lll,
549 4032 576 4076 c.
593 4015 643 4091 55,
657 4015 727 4092 208,
744 3995 884 4095 utsupra
897 4013 971 4075 dixi·
1027 4033 1132 4096 supra,
1151 4033 1187 4076 ex
1202 4012 1358 4088 Cicerone,
1374 4011 1498 4089 Catone,
1509 4012 1607 4076 Plinio
1621 4018 1652 4074 et
1665 4013 1782 4075 caeteris
1794 4019 1876 4074 attu-

125 4127 211 4186 mus,
236 4109 335 4190 legit:
355 4111 537 4174 «Voluntati
558 4121 665 4175 vestrae
685 4114 812 4174 omnium
834 4112 920 4192 parui
928 4129 965 4191 3»
1026 4114 1128 4176 limus.
1156 4111 1236 4192 Lege
1261 4109 1366 4172 Budaei
1394 4109 1566 4172 Commeat.
1597 4109 1709 4189 linguae
1737 4127 1872 4189 graecae:

124 4225 192 4270 cum
211 4207 244 4268 in
267 4208 409 4271 omnibus
428 4195 511 4272 libris
530 4209 677 4290 scriptum
701 4210 739 4272 sit
760 4234 767 4272 :
787 4209 971 4272 «Voluntati
1026 4210 1182 4286 invenies,
1206 4228 1237 4290 p.
1261 4212 1321 4283 32,
1342 4214 1466 4294 nostros
1488 4206 1527 4268 ab
1548 4208 1592 4269 eis
1610 4207 1703 4270 luisse
1721 4212 1875 4270 mutuatos

128 4313 257 4366 vestrum
279 4307 406 4368 omnium
428 4308 527 4389 parui.
548 4329 564 4367 ι)
589 4308 656 4380 Quo
676 4315 766 4388 pacto
789 4307 971 4389 frequentis-
1026 4309 1086 4372 hoc
1113 4326 1210 4388 genus
1237 4306 1395 4388 loquendi.
1427 4305 1487 4368 Sed
1512 4313 1546 4367 ut
1573 4304 1612 4368 ad
1639 4323 1705 4368 rem
1729 4304 1872 4380 redeam,

125 4401 199 4465 sime
213 4403 352 4484 loquitur
363 4405 483 4482 Cicero,
494 4412 530 4467 ut
542 4424 614 4468 mox
628 4405 775 4469 dicemus.
1026 4405 1195 4486 elegantius
1221 4405 1331 4488 dic'es:
1363 4404 1443 4481 Tua,
1466 4423 1482 4464 e
1508 4402 1619 4480 Caesar,
1639 4403 1765 4466 interest
1789 4402 1875 4464 victis

163 4498 318 4574 Quoniam
347 4503 439 4583 paulo
464 4509 534 4566 aute
547 4503 673 4584 planum
694 4502 809 4566 lactum
830 4510 877 4566 est
899 4520 970 4583 pro-
1026 4504 1194 4584 ignoscere.

125 4598 256 4662 nomina
285 4601 453 4680 possessiva
476 4607 543 4662 tum
565 4601 759 4678 substantivi,
793 4607 859 4662 tum
887 4600 970 4679 adje·
1070 4600 1102 4663 Si
1128 4599 1167 4663 ad
1189 4601 1458 4680 grammaticorum
1476 4617 1616 4663 normam
1635 4599 1723 4661 nobis
1747 4599 1875 4680 loquen-

126 4697 191 4758 etivi
213 4697 349 4760 nominis
365 4697 514 4778 genitivos
530 4698 712 4761 admittere:
727 4698 861 4761 studium
887 4705 970 4759 tuum
1026 4699 1101 4760 dum
1125 4705 1184 4775 est,
1208 4717 1270 4762 uon
1294 4705 1454 4779 ponuntur
1478 4698 1600 4761 ablativi
1625 4717 1700 4774 mea,
1723 4706 1786 4772 tna,
1809 4716 1871 4770 aaa,

128 4791 329 4868 moveamur,
349 4801 459 4875 pectus
479 4804 560 4857 taum
580 4796 704 4858 bominis
722 4795 876 4876 simplicis,
896 4795 970 4877 quid
1027 4804 1142 4872 nostro,
1158 4805 1268 4872 vestra,
1292 4813 1348 4875 pro
1366 4794 1506 4874 genitivis
1525 4795 1594 4872 mei,
1615 4794 1669 4870 tni,
1689 4794 1747 4870 eui,
1767 4795 1872 4870 nostri,

126 4889 215 4969 igitur
228 4908 329 4953 causa
342 4900 454 4954 estcur
465 4892 628 4956 timeamus
639 4893 740 4956 dicere
753 4913 762 4955 :
777 4893 906 4956 Interest
918 4903 970 4955 tac
1026 4894 1130 4969 cesta,
1146 4899 1179 4956 ut
1199 4891 1252 4973 qui
1269 4893 1444 4974 passionem
1462 4892 1644 4972 significent,
1661 4890 1716 4953 sed
1733 4909 1789 4972 pro
1806 4892 1873 4967 mu,

126 4988 268 5065 notorie
285 4987 472 5069 provinciam
493 5008 511 5051 a
536 4989 639 5072 piratis
661 4988 825 5054 defendere
834 5009 845 5072 ;
867 4989 972 5054 Refert
1025 4991 1075 5067 tis,
1090 4990 1142 5067 eie,
1155 4998 1300 5062 nostram,
1316 4999 1454 5052 vestram.
1465 4989 1543 5052 Nam
1557 5006 1630 5052 cum
1643 4988 1730 5051 dico:
1746 4987 1876 5050 luterest

131 5103 192 5146 meo
210 5083 348 5148 Consulis
363 5086 583 5169 rempublicam
602 5088 717 5150 salvam
736 5095 768 5150 et
785 5088 970 5150 incolumem
1025 5108 1089 5151 mea
1104 5087 1327 5168 rempublicam
1340 5088 1523 5169 gubernare,
1539 5105 1603 5149 meo
1615 5085 1767 5150 actionem
1781 5085 1873 5166 signi·

124 5187 265 5246 servom
278 5181 309 5245 Si
329 5190 432 5248 umen
452 5185 548 5247 oratio
566 5183 673 5248 durior
689 5185 852 5262 videretur,
873 5187 970 5268 qualis
1026 5185 1107 5248 licat.
1124 5184 1184 5248 Sed
1196 5185 1235 5248 de
1248 5184 1295 5247 bis
1308 5185 1434 5249 tortasse
1446 5185 1517 5266 plus
1530 5183 1636 5247 nimio.
