4656 6156
493 546 569 627 228
1055 576 1099 630 nr
1119 573 1402 629 cousrnucrrour
1423 574 1683 629 iuratusrrrvl.

452 717 462 742 ⁰
489 708 542 770 dor
558 727 626 772 aare.
645 708 737 772 Plura
752 703 892 788 ejusdem
910 707 1052 789 exempla
1071 706 1249 788 adjungam,
1266 727 1335 790 qua
1396 707 1610 772 «Consulibus
1619 708 1747 772 Senatus
1760 708 1897 791 permisit
1910 707 2014 772 ntvini
2026 715 2060 772 et
2070 709 2132 773 olei
2143 709 2235 774 decu·

490 804 621 870 Budaeus
630 806 661 869 in
669 807 842 871 comment.
850 806 964 887 lingua
972 824 1089 887 graecae,
1100 808 1227 889 ploos,
1235 805 1333 870 affert
1391 825 1476 886 mss,
1497 825 1575 890 quas
1598 813 1670 870 ante
1694 813 1725 871 ta
1746 806 1878 870 vendere
1899 807 1932 870 in
1949 805 2050 870 Sicilia
2070 813 2235 890 quateret

489 903 595 968 ProG.
612 904 704 983 llab,
719 924 748 968 c.
762 907 871 982 ¹1,20:
897 904 976 967 «Fit
987 905 1287 969 senatusconsultum
1301 912 1336 968 ut
1392 910 1603 983 consuessent,
1620 903 1726 968 llomat
1746 903 1927 981 venderent,
1941 904 2105 986 legemque
2126 903 2175 967 bis
2191 923 2235 968 re·

490 1002 524 1066 C.
547 1002 668 1082 llarius,
689 1003 724 1068 l..
740 1002 891 1080 Valerius,
910 1004 1063 1084 consules,
1085 1004 1266 1067 adhiberent
1283 1003 1336 1067 tri·
1391 1004 1463 1083 bus,
1490 1024 1578 1086 quam
1599 1003 1673 1086 ipsis
1697 1002 1861 1081 videretur,
1886 1001 2053 1066 edicerent.
2078 1024 2094 1062 a
2127 1001 2232 1080 (leem,

489 1101 589 1166 bunos
612 1100 711 1184 plebis
733 1105 765 1164 et
787 1107 945 1183 praetores,
969 1122 1039 1185 quos
1062 1103 1106 1165 eis
1127 1102 1291 1167 videretur.
1315 1126 1330 1162 n
1392 1101 1581 1178 BelloGall.,
1594 1101 1616 1166 l.
1630 1099 2233 1183 lV,c.8:rttdbaec,Gmsarpnoevisum

492 1198 577 1268 Idem
586 1200 619 1265 in
633 1199 852 1271 Frumentaria.
866 1200 953 1264 verr.
967 1207 1028 1265 act.
1040 1200 1076 1282 ll,
1087 1202 1108 1267 l.
1123 1201 1172 1282 lll,
1188 1221 1217 1267 c.
1232 1205 1264 1280 7,
1274 1204 1313 1265 18
1325 1225 1334 1266 :
1392 1206 1440 1266 est
1451 1198 1645 1282 respondit.»
1663 1197 1743 1279 tege
1757 1197 1915 1277 lludoeam,
1930 1197 1956 1264 si
1968 1199 2052 1262 voles
2066 1198 2163 1281 plura.

1179 1452 1439 1526 APPENDIX
1474 1454 1538 1524 lll.

543 1625 634 1706 224.
665 1626 790 1706 Voces
819 1625 1009 1731 copulatae
1037 1650 1139 1733 saepe
1166 1624 1328 1705 verbum
1355 1624 1505 1731 plurale
1529 1623 1758 1707 desiderant.
1789 1626 1922 1709 Cicero
1955 1628 2002 1708 ad
2036 1627 2231 1730 Atticum,

487 1754 515 1836 l.
533 1753 615 1851 Xll,
632 1777 696 1859 ep.
715 1751 764 1833 53
782 1783 791 1832 :
812 1782 833 1825 (ι
852 1749 926 1832 Hic
942 1751 1144 1833 nobiseum
1158 1761 1250 1830 aaut
1261 1749 1390 1831 Nicias
1402 1757 1441 1831 et
1454 1749 1645 1830 Valerius.
1660 1783 1681 1825 s

540 1877 740 1960 Interdum
761 1875 948 1986 singulari
967 1885 1160 1958 contenta
1180 1882 1283 1956 sunt.
1306 1875 1430 1977 ldem,
1452 1877 1499 1956 de
1521 1876 1743 1979 Senectute,
1765 1903 1800 1958 c.
1821 1878 1884 1979 19,
1907 1879 1958 1959 67
1981 1911 1990 1960 :
2017 1911 2040 1954 a
2056 1881 2178 1980 Mens,
2200 1890 2236 1962 et

487 2005 600 2105 ratio,
618 2011 658 2084 et
670 2001 877 2083 consilium
892 2001 932 2081 in
947 2001 1104 2083 senibus
1119 2012 1188 2083 est.
1204 2034 1226 2076 »

540 2130 836 2234 Nonnunquam
852 2126 1044 2207 omittitur
1057 2125 1294 2234 conjunctio.
1312 2127 1418 2207 ldem
1433 2127 1481 2208 ad
1496 2127 1683 2224 Quintum
1698 2129 1892 2231 Fratrem,
1909 2131 1937 2210 l.
1954 2133 1984 2231 l,
2001 2157 2064 2237 ep.
2085 2134 2122 2234 1,
2138 2160 2175 2214 c.
2193 2135 2231 2234 5,

490 2255 536 2337 15
555 2287 564 2336 ι
587 2287 609 2330 «
621 2256 758 2355 Frons,
775 2254 894 2355 oculi,
910 2253 1052 2355 vultus,
1072 2280 1241 2361 persepe
1257 2253 1520 2355 mentiuntur;
1538 2254 1659 2336 oratio
1673 2280 1764 2336 vero
1777 2254 1999 2361 sepissime.
2015 2290 2037 2332 a

525 2502 623 2568 Voces
655 2503 813 2587 copulatas
842 2503 1033 2586 appellamus
1063 2501 1332 2584 conjunctionibus
1393 2501 1586 2584 «Egitputer
1602 2501 1723 2566 etfilius
1736 2508 1771 2567 ut
1780 2502 1834 2567 tibi
1843 2505 2235 2590 sponderem.»ldem‚pro

485 2602 666 2685 copulatiris
677 2602 803 2666 vinctas.
818 2601 875 2665 llic
890 2601 976 2665 nulla
992 2600 1133 2666 iacienda
1151 2607 1197 2666 est
1216 2601 1331 2664 mentio
1390 2598 1489 2663 Domo
1503 2618 1570 2678 sua,
1590 2618 1618 2663 c.
1641 2602 1693 2679 31,
1708 2604 1770 2665 82:
1790 2600 1968 2666 «Ubienim
1981 2603 2102 2682 tuleras,
2117 2612 2153 2668 ut
2163 2604 2235 2669 milri

485 2701 653 2784 syllepseos
669 2707 722 2766 aut
735 2701 902 2780 zeugmatis
910 2720 921 2780 ;
935 2718 993 2764 nec
1005 2719 1085 2781 aegre
1097 2700 1177 2764 ierat
1189 2700 1332 2781 magister
1389 2717 1469 2781 aqua
1485 2706 1517 2762 et
1528 2699 1607 2779 ignis
1621 2702 1664 2778 (2)
1683 2699 1966 2764 interdicereturtr
1983 2701 2068 2766 ldem
2082 2702 2122 2766 ad
2134 2702 2236 2768 Curio·

486 2798 565 2863 bene
576 2799 707 2864 docendi
718 2799 885 2878 studiosus,
898 2799 923 2862 si
936 2798 1041 2862 tenelli
1051 2799 1205 2863 auditores
1219 2799 1332 2879 ligura·
1389 2815 1473 2877 nem,
1488 2796 1587 2875 Fam,
1605 2797 1626 2860 l.
1642 2796 1679 2867 ll.
1692 2817 1743 2880 ep.
1757 2802 1789 2876 6,
1805 2803 1825 2862 l
1840 2817 1849 2863 ε
1872 2799 1971 2863 cllux
1984 2800 2073 2865 nobis
2085 2808 2118 2864 et
2129 2809 2237 2866 auctor

482 2915 551 2962 mm
559 2898 684 2961 nomina
692 2897 1016 2978 ignorent,dummodo
1024 2916 1089 2961 ram
1096 2897 1330 2980 ipsamteneant.
1389 2913 1467 2978 opus
1483 2904 1564 2959 ert.»
1582 2893 1697 2960 Omitto
1711 2896 1800 2978 plura
1821 2897 1961 2978 ejusdem
1973 2899 2238 2965 testimoniam

521 2994 601 3060 Sunt
612 2994 666 3079 qui
681 3013 744 3060 non
756 2996 892 3060 audeant
903 2997 1030 3060 vocibus
1041 2995 1191 3077 copulatis
1202 2994 1330 3059 verbum
1389 3013 1449 3072 sar,
1466 2993 1552 3058 Bello
1567 2994 1658 3071 Gall,
1678 2994 1700 3058 l.
1722 2994 1748 3074 l,
1768 2998 1826 3057 c.l
1846 3014 1854 3060 ε
1873 2994 2006 3060 «Gallos
2019 2997 2058 3060 ab
2076 2998 2238 3082 Aquitanis

481 3093 635 3175 singulare
648 3093 831 3173 attribuere,
853 3113 926 3158 cnm
941 3094 981 3158 ll.
996 3094 1113 3159 Tullius
1128 3093 1240 3177 aliique
1258 3093 1330 3157 ido·
1389 3093 1542 3157 Garumna
1569 3092 1698 3172 tlumen,
1721 3111 1740 3156 a
1762 3092 1863 3175 Belgis
1885 3093 2019 3158 llatrona
2042 3103 2075 3159 et
2093 3096 2237 3179 Sequana

483 3192 535 3256 nei
555 3198 697 3256 auctores
715 3211 810 3274 quam
831 3192 1076 3276 frequentissime
1091 3193 1133 3257 ita
1153 3194 1328 3276 loquantur,
1387 3189 1508 3254 dissilit.
1523 3212 1539 3250 n
1557 3190 1728 3270 Sallustius,
1743 3191 1776 3253 in
1790 3190 1892 3271 Catil,
1907 3211 1937 3256 c.
1951 3195 2009 3256 52:
2028 3193 2194 3258 «libertas
2207 3201 2238 3259 et

482 3289 615 3354 maxime
629 3289 682 3353 ubi
699 3289 739 3354 de
757 3291 849 3356 rebus
868 3291 1009 3356 inanimis
1022 3299 1069 3356 est
1081 3309 1197 3356 sermo.
1213 3291 1329 3370 Cicero,
1387 3287 1603 3352 animanostra
1615 3289 1752 3354 indubio
1765 3298 1818 3353 est.
1835 3311 1851 3350 a
1869 3289 1970 3355 lbid.:
1987 3291 2066 3356 «Nae
2080 3292 2139 3356 ista
2151 3293 2237 3357 robis

482 3407 538 3471 pro
556 3387 590 3450 C.
611 3387 704 3465 llab.,
727 3407 756 3451 c.
776 3392 806 3467 8,
829 3392 891 3453 et:
915 3388 1058 3470 «Virtus,
1077 3396 1109 3453 et
1124 3388 1278 3465 honestas,
1299 3396 1331 3453 et
1388 3387 1594 3452 mansuetudo
1611 3394 1643 3452 et
1656 3389 1877 3469 misericordia,
1892 3389 1917 3454 si
1931 3390 1975 3454 illi
1986 3409 2072 3454 arma
2083 3393 2237 3475 ceperint,

482 3486 583 3569 pudor
602 3505 675 3550 cum
696 3487 874 3551 consulibus
894 3507 961 3552 eme
984 3487 1329 3569 regenerationes
1388 3487 1419 3550 in
1432 3487 1585 3552 miseriam
1597 3496 1731 3550 certet.»
1746 3486 1879 3568 lbid.,c.
1894 3492 1952 3553 50:
1968 3489 2240 3574 «Dispositisprm-

482 3584 618 3664 Senect,
636 3604 665 3649 c.
677 3588 727 3659 ta,
746 3588 786 3649 ur
802 3605 811 3650 r
830 3586 941 3651 «llam
954 3587 1049 3664 enim,
1064 3593 1097 3650 et
1108 3587 1196 3658 ratio.
1212 3592 1244 3652 et
1257 3606 1330 3652 con-
1387 3585 1481 3661 sidiis,
1497 3585 1543 3656 uti
1556 3603 1605 3650 res
1620 3592 1712 3668 atque
1723 3593 1845 3669 tempus
1857 3587 2001 3651 madar.
2013 3611 2030 3648 a
2041 3588 2153 3668 livius,
2171 3591 2195 3653 l.
2211 3589 2237 3669 l,

481 3683 584 3747 silium
601 3684 634 3747 in
647 3683 772 3748 senibus
782 3693 835 3748 ert.
854 3707 871 3745 a
890 3685 976 3749 ldem
989 3685 1029 3749 ad
1042 3685 1147 3759 Quint.
1163 3685 1227 3764 Fr,
1241 3687 1264 3750 l.
1276 3686 1328 3765 lll,
1387 3703 1417 3748 c.
1431 3686 1495 3748 22:
1516 3682 1626 3748 s'l'nm
1645 3691 1718 3749 atas
1736 3686 1898 3769 viresque,
1917 3693 1985 3750 tum
2006 3688 2086 3751 avita
2110 3707 2238 3772 qnoque

481 3799 533 3864 ep.
555 3785 585 3862 3,
609 3787 626 3845 1
648 3800 657 3846 :
677 3781 755 3845 alle
768 3789 872 3846 autem
884 3784 948 3864 jam
961 3791 992 3847 al
1011 3802 1095 3848 mare
1111 3785 1189 3848 istuc
1202 3792 1234 3848 et
1249 3790 1330 3849 terra
1387 3783 1484 3865 gloria
1503 3783 1641 3847 animum
1660 3783 1843 3848 stimulabat.
1858 3807 1875 3844 a
1892 3785 1998 3862 llario,
2012 3785 2052 3849 de
2065 3785 2152 3868 ling.
2166 3787 2237 3865 lat„

480 3879 668 3943 sollicitat.»
697 3878 781 3944 ldem
805 3880 845 3943 ad
867 3878 1037 3959 Octavium,
1064 3883 1087 3945 l.
1113 3881 1140 3946 ll
1162 3883 1203 3946 ad
1227 3882 1327 3962 Brut,
1386 3879 1586 3959 l.Vlll,10:
1610 3880 1759 3946 «Consul
1775 3881 1836 3962 fait
1850 3881 1966 3946 Tullius
1989 3888 2022 3946 et
2037 3883 2233 3949 turonus..

481 3996 532 4061 ep.
556 3981 600 4042 8:
621 4000 637 4039 r
655 3977 720 4041 Nisi
737 3977 815 4043 torte
834 3977 945 4042 trustra
966 3998 1020 4045 eos
1038 3982 1172 4063 appello,
1195 4000 1329 4064 quorum
1386 3977 1527 4058 Quintil,
1543 3978 1631 4058 lll,
1647 3997 1676 4043 e.
1696 3980 1782 4057 ml
1798 3997 1806 4042 ε
1825 4001 1841 4040 c
1862 3979 1963 4061 Astera
1981 3980 2014 4043 in
2031 3981 2078 4045 lais
2096 3999 2239 4047 momen-

480 4095 571 4141 aures
591 4083 687 4159 atque
705 4077 827 4141 animus
843 4097 862 4141 a
880 4078 969 4143 nobis
985 4079 1125 4143 mtorret
1140 4083 1196 4161 (1).
1210 4102 1227 4140 ι
1243 4080 1329 4146 ldern
1386 4083 1466 4157 tum,
1479 4084 1513 4140 et
1524 4083 1608 4155 etas,
1620 4083 1761 4154 etsexus,
1776 4082 1809 4141 et
1820 4077 1986 4159 pignora.»
2003 4077 2128 4156 Plinius,
2143 4079 2166 4144 l.
2181 4079 2235 4158 lll,

481 4175 520 4238 ad
532 4175 611 4254 att,
627 4174 651 4237 l.
666 4174 733 4253 llll,
747 4193 798 4258 ep.
810 4179 861 4256 su,
878 4180 894 4238 1
908 4195 917 4240 :
937 4177 1036 4241 allibi
1049 4183 1081 4242 et
1092 4185 1183 4243 reret
1191 4180 1328 4246 conditio
1386 4195 1415 4240 c.
1430 4178 1482 4256 rt,
1501 4179 1540 4240 l:
1560 4175 1719 4240 «Piscium
1732 4177 1824 4258 lupus
1838 4184 1870 4240 et
1885 4176 2007 4241 trichim
2022 4177 2070 4241 bis
2085 4196 2169 4243 anno
2182 4197 2237 4261 pa·

478 4274 587 4354 placet.
602 4293 618 4333 r
635 4273 721 4337 ldem
741 4274 781 4337 ed
798 4274 991 4358 Pompeium,
1005 4276 1126 4356 Famil,
1140 4278 1162 4340 l.
1176 4277 1213 4355 V,
1227 4296 1278 4360 ep.
1294 4281 1326 4358 ¹1,
1385 4275 1439 4337 rit.
1453 4297 1469 4334 a
1483 4273 1649 4338 Suetonius
1664 4275 1695 4338 in
1706 4273 1827 4352 cnud,
1842 4293 1872 4339 c.
1888 4279 1949 4339 30:
1969 4297 1986 4336 r
2001 4274 2177 4340 Auctoritas
2192 4277 2238 4340 di-

481 4371 522 4433 31
541 4369 707 4434 «Scribam
720 4377 837 4453 aperte,
846 4372 925 4436 sieut
937 4380 969 4437 et
981 4392 1051 4438 mea
1061 4382 1169 4439 natura
1181 4382 1213 4438 et
1224 4381 1328 4440 nostra
1385 4372 1546 4454 guttasque
1555 4371 1663 4436 iormae
1672 4390 1736 4437 non
1745 4371 1843 4454 desciit
1851 4371 1898 4436 rel
1907 4371 1998 4436 stanti
2012 4372 2062 4436 vel
2074 4373 2232 4438 sedenti.»

481 4467 614 4531 amicitia
636 4469 779 4550 pandat.
802 4492 819 4530 r
844 4469 942 4550 ldem,
965 4490 1022 4555 pro
1040 4472 1156 4550 Quint,
1184 4493 1214 4538 e.
1232 4476 1325 4552 25:
1387 4470 1518 4548 Curtius,
1532 4471 1554 4533 l.
1573 4469 1653 4548 Vlll,
1669 4489 1698 4534 c.
1715 4473 1746 4548 'l,
1767 4472 1828 4533 lt:
1849 4469 2237 4554 ‹Pammmtcvermjet

484 4565 583 4631 «Non
604 4583 643 4630 eo
657 4566 738 4643 dico,
756 4567 790 4630 G.
805 4568 922 4652 Aquili,
935 4588 998 4653 quo
1015 4570 1089 4634 mihi
1101 4572 1200 4634 mint
1217 4571 1250 4634 in
1269 4571 1327 4635 du·
1385 4568 1542 4652 disciplina
1556 4567 1724 4632 delectata

480 4662 567 4726 bium
591 4669 645 4726 tna
669 4663 746 4728 tides
769 4672 802 4729 et
828 4668 1045 4732 constantia.»
1074 4666 1161 4732 ldem
1184 4669 1224 4732 ad
1247 4669 1324 4741 Ata..
1425 4666 1528 4732 Poetae
1551 4666 1645 4731 etiam
1667 4667 1760 4731 verbo
1782 4668 1892 4751 plurali
1914 4668 2078 4753 aliquando
2105 4675 2235 4733 utuntur

480 4762 501 4825 l.
522 4761 586 4841 llll,
607 4781 657 4845 ep.
678 4767 708 4842 3,
724 4769 763 4828 to
779 4785 788 4829 r
807 4765 1001 4849 allionysim
1020 4775 1137 4846 noster,
1149 4768 1327 4850 quiestno-
1384 4765 1593 4829 intercedente
1605 4765 1818 4848 praepositione
1836 4785 1913 4832 cam.
1936 4767 2089 4848 Virgilius,
2108 4767 2181 4831 AEu.
2207 4766 2233 4846 l,

479 4861 613 4941 biscum,
630 4871 662 4926 et
678 4862 781 4928 Nicias
797 4865 878 4930 Cous
888 4883 952 4930 non
963 4866 1085 4929 rebatur
1097 4867 1247 4949 oppidum
1259 4887 1326 4933 essa
1384 4883 1415 4928 v.
1432 4866 1514 4929 292:

482 4961 637 5027 Piraeea.»
661 4963 748 5029 Idem
766 4965 805 5030 ad
828 4966 990 5046 eumdem,
1010 4967 1032 5031 l.
1056 4967 1135 5049 Xlll,
1161 4987 1211 5051 ep.
1232 4974 1324 5050 6,·1:
1448 5052 1461 5104 J
1524 5007 1631 5104 dam.
1651 5007 1658 5022 .
1678 5009 1684 5023 .
1701 4971 1783 5024 uerno
1797 4985 1856 5025 cun
1869 4971 2083 5035 musonianus

1464 5065 1510 5104 lln
1628 5089 1635 5102 .

1383 5157 1545 5239 Oratores,
1565 5159 1719 5240 singulari.
1742 5159 1846 5224 Cicero
1864 5159 1905 5223 ad
1926 5158 2030 5234 Quint.
2052 5159 2115 5236 Fr,
2133 5160 2157 5222 l.
2180 5159 2231 5241 lll,

513 5279 549 5344 (t)
565 5277 693 5342 Orellius,
714 5279 872 5348 abhorreat,-
888 5284 924 5335 lta
937 5284 1155 5352 etleubnerqni
1168 5295 1227 5352 post
1244 5290 1325 5354 septi·
1383 5276 1435 5340 ³1³·
1458 5259 1489 5336 ἰ
1505 5262 1548 5321 3²
1575 5257 1764 5322 ⁸D⁰fflifl⁰⁸
1790 5275 1863 5322 ⁰⁰¹³
1888 5256 2016 5322 'Q
2035 5265 2139 5322 ww
2163 5276 2232 5322 Ν

480 5371 549 5410 mam
558 5359 577 5410 l.
588 5357 612 5410 ll
624 5359 657 5412 ad
666 5361 738 5414 Brut.
747 5363 893 5428 epistolam,
905 5367 1023 5431 mouenti
1033 5367 1102 5418 bunc
1114 5369 1324 5434 praeposutttitn-

479 5440 533 5491 lun
545 5453 552 5491 :
562 5457 577 5489 ι
588 5439 816 5496 Pseudocieerouir
825 5446 934 5510 eplatolr
944 5447 977 5498 ad
989 5445 1157 5500 Octavium.»
1413 5455 1450 5522 (2)
1470 5453 1548 5507 orell.
1560 5461 1587 5506 et
1597 5455 1735 5508 Teubner:
1751 5467 1823 5520 wau
1832 5459 1855 5506 et
1867 5453 1934 5520 ipat.
