4646 6164
1094 687 1138 738 DE
1158 685 1387 738 stultusne!
1406 682 1633 738 olusttswun.

1213 909 1461 982 EXCEPTIO
1486 910 1514 980 1.

547 1082 619 1162 Fa'o
646 1086 663 1159 i
680 1079 797 1162 habet
814 1079 989 1187 longum,
1005 1077 1080 1157 nisi
1092 1085 1272 1184 sequatur
1284 1105 1320 1176 r,
1338 1085 1381 1157 ut
1394 1078 1555 1180 fiebam,
1570 1081 1690 1180 feam.
1705 1073 1915 1174 luvenalis,
1934 1077 2014 1155 Sat.
2032 1077 2079 1175 ll,
2093 1103 2130 1156 v.
2153 1077 2234 1156 136:

889 1273 982 1336 ment
997 1272 1055 1335 ista
1067 1271 1180 1354 palam,
1195 1271 1321 1354 cupient
1331 1279 1364 1334 et
1378 1271 1409 1333 in
1423 1276 1493 1334 aeta
1505 1268 1626 1333 reterri.

545 1445 614 1526 Sin
629 1474 652 1524 r
674 1451 870 1550 sequatur,
887 1442 1002 1524 breve
1017 1448 1090 1541 est,
1108 1448 1151 1520 ut
1166 1447 1328 1544 steron,
1343 1445 1459 1542 fleri,
1477 1444 1660 1543 confieri.
1677 1439 1876 1548 Virgilius,
1894 1443 1987 1521 AEn.
2006 1439 2072 1538 lV,
2090 1465 2127 1517 v.
2147 1441 2232 1517 ll5:

1049 1672 1191 1692 .....
1214 1626 1304 1690 Nune
1313 1625 1500 1707 quamtiono
1514 1625 1600 1709 quod
1612 1625 1705 1688 instat

892 1725 1031 1807 confieri
1039 1725 1144 1806 possit,
1156 1723 1273 1807 paucis,
1285 1723 1422 1801 adverte,
1432 1721 1564 1789 docebo.

1204 1976 1456 2048 Excurrlo
1482 1977 1529 2048 11.

547 2146 814 2255 lntemogandi
837 2171 880 2227 ao
903 2144 1021 2226 dandi
1042 2169 1152 2225 casus
1174 2142 1320 2250 quintae
1346 2141 1618 2223 declinationis
1640 2168 1660 2222 e
1684 2149 1776 2224 ante
1794 2145 1812 2220 i
1828 2141 2060 2248 pmdueunt,
2083 2150 2127 2222 ut
2147 2144 2228 2241 dio,

489 2276 644 2378 rpemer'.
662 2273 803 2352 Praeter
815 2275 888 2370 rit,
903 2273 997 2374 spii,
1014 2269 1124 2372 fidei.

1191 2543 1446 2615 uxcEPrlo
1478 2544 1547 2615 lll.

544 2715 748 2796 Genitivus
762 2715 802 2792 in
819 2718 878 2792 rite
892 2713 1009 2794 habet
1025 2717 1043 2790 ί
1053 2713 1215 2820 longum
1231 2709 1271 2789 in
1289 2711 1415 2792 soluta
1427 2711 1620 2813 oratione3
1638 2711 1678 2789 in
1693 2711 1883 2812 carmine,
1905 2722 1987 2792 tum
2008 2713 2135 2812 breve,
2157 2721 2226 2791 tum

462 2847 466 2859 '
489 2842 666 2948 longum,
685 2842 871 2936 utuntur,
894 2840 1021 2936 itom-
1043 2843 1183 2942 praeter
1204 2838 1380 2933 alterius,
1404 2837 1507 2941 quod
1529 2834 1673 2941 ubique
1695 2841 1712 2913 i
1730 2837 1850 2918 habet
1868 2837 2003 2939 breve3
2024 2839 2224 2930 Mauram,

489 2965 666 3072 longum.
687 2961 886 3070 Virgilius,
903 2963 994 3041 AEn.
1012 2962 1041 3059 l,
1059 2987 1095 3038 v.
1114 2959 1160 3036 ll
1184 2989 1192 3036 :

892 3144 985 3208 Uulne
997 3145 1039 3210 ob
1053 3163 1165 3210 norom
1176 3143 1312 3210 attorias
1324 3144 1426 3224 Aiacis
1439 3143 1527 3207 Oilei.

489 3306 684 3406 Herelius,
703 3307 730 3384 l.
748 3308 779 3405 l,
797 3332 859 3412 ep.
881 3308 917 3406 1,
933 3332 970 3385 ν.
992 3306 1039 3384 11
1056 3336 1065 3383 :

885 3489 1160 3554 Nulliusoddietus
1171 3491 1275 3570 iurare
1290 3491 1321 3553 in
1332 3491 1426 3555 verba
1438 3491 1583 3572 magistri.

1186 3743 1446 3816 EXCEP'l'lO
1471 3746 1532 3816 lV.

541 3911 614 3989 Olte
630 3911 796 4016 priorem
811 3911 928 3990 habet
941 3936 1205 3993 communem.
1224 3911 1423 4009 Martialis,
1439 3911 1467 3990 l.
1485 3911 1551 4009 lV,
1566 3911 1689 4020 epigr.
1708 3913 1773 4012 91,
1791 3940 1829 3991 ν.
1851 3916 1864 3990 1
1889 3944 1897 3991 :

889 4095 966 4158 olel
976 4097 1041 4176 Jam
1053 4097 1126 4160 satis
1138 4103 1195 4178 est,
1207 4097 1276 4160 utel
1287 4097 1400 4160 libelle.

539 4255 622 4353 Coi,
648 4256 824 4360 Pompei,
854 4255 989 4353 Vultei,
1015 4265 1054 4336 et
1076 4256 1175 4362 siqui
1196 4255 1342 4338 similes
1360 4257 1521 4338 vocandi
1540 4283 1665 4357 casua,
1688 4261 1946 4365 penultimam
1974 4261 2115 4341 habent
2141 4261 2225 4338 lon-

486 4403 588 4485 gam.
610 4377 805 4477 Martialis,
823 4379 850 4457 l.
868 4380 914 4478 ll,
931 4379 1054 4488 epigr.
1073 4381 1138 4481 30,
1156 4408 1192 4461 v.
1211 4380 1236 4460 6
1254 4413 1263 4460 :

882 4564 971 4638 Quod
985 4571 1061 4648 peto
1075 4565 1127 4644 da,
1144 4564 1284 4644 Cat‚u0u
1295 4571 1369 4648 peto
1378 4566 1551 4632 eonsilium.

485 4725 655 4826 Ovidius,
674 4729 805 4828 Pont,
823 4728 850 4806 l.
869 4729 933 4827 lV,
951 4753 1013 4833 ep.
1032 4730 1068 4822 l,
1085 4753 1121 4807 v.
1143 4729 1158 4805 1
1182 4759 1190 4806 :

888 4912 1015 4994 Accipe,
1029 4884 1164 4996 Pompei,
1177 4913 1345 4978 deductum
1358 4933 1482 4978 earmen
1495 4916 1535 4979 ab
1548 4915 1601 4978 illo

922 5008 1048 5073 Debitor
1060 5017 1106 5074 est
1120 5010 1187 5076 vitre
1201 5011 1254 5094 qui
1269 5011 1335 5092 tibi,
1349 5011 1454 5091 Sexte,
1466 5033 1538 5078 suas.

524 5235 716 5316 Praeoeptum
730 5234 789 5297 hoe
802 5233 841 5296 de
854 5233 1010 5297 vocalibus
1020 5252 1089 5316 qrrae
1102 5242 1176 5300 sunt
1185 5236 1331 5301 inoadem
1390 5257 1459 5320 qun
1473 5237 1628 5301 interdum
1645 5257 1664 5300 a
1678 5238 1776 5319 poetis
1792 5239 1823 5301 in
1840 5239 1976 5303 vocalem
1999 5245 2141 5303 mutetur.
2156 5237 2219 5300 Har·

483 5329 619 5394 dictione
639 5331 852 5413 accipiendum
874 5341 936 5411 est;
953 5350 1025 5394 nam
1045 5333 1084 5396 de
1099 5333 1134 5396 iis
1154 5353 1223 5416 quae
1235 5335 1267 5397 in
1286 5335 1332 5397 di·
1389 5336 1479 5412 tielis,
1495 5335 1517 5397 l.
1534 5335 1570 5413 V,
1583 5335 1686 5418 Epigr.
1704 5339 1754 5415 ll,
1768 5357 1798 5400 r.
1812 5339 1851 5400 δι

483 5427 577 5491 vorsis
589 5434 672 5507 sunt,
688 5435 794 5510 postea
807 5429 958 5510 agendum
969 5436 1025 5492 est.
1044 5429 1142 5510 Caius,
1163 5431 1329 5513 Pornpetue,

491 5523 619 5586 Vulteius
631 5523 663 5586 in
676 5533 761 5590 reato
784 5544 839 5608 per
862 5527 875 5587 ι’
894 5533 1115 5592 consonantem
1136 5528 1328 5611 scribuntur3
1450 5549 1974 5618 rmcmomquetueiumqueeomeom
