4630 6164
256 851 919 998 CONSTRUCTIO
971 853 1258 996 VERBI
1308 853 1698 994 INFINITI

154 1212 246 1292 344.
275 1211 405 1292 Verba
426 1211 582 1291 infinita
603 1211 757 1292 eosdem
779 1219 863 1316 post
884 1237 923 1291 se
947 1237 1053 1292 casus
1073 1211 1282 1316 postulant,
1305 1236 1400 1315 quos
1415 1210 1539 1290 linita.
1558 1210 1706 1309 Cicero,
1723 1213 1851 1311 Fam,

111 1338 133 1416 Ι.
148 1337 248 1435 XVI,
265 1363 328 1448 ep.
346 1337 386 1436 ὅ,
402 1337 425 1416 2
444 1367 452 1414 :
475 1367 497 1409 «
510 1337 611 1416 Malo
625 1348 662 1416 tc
674 1335 791 1440 paulo
803 1345 889 1440 post
904 1336 1115 1434 valentem,
1133 1363 1249 1441 quam
1265 1335 1394 1415 statim
1411 1335 1654 1416 imbecillum
1668 1337 1812 1416 vz'dere.
1830 1370 1850 1410 »

111 1460 205 1542 Idem
225 1461 272 1540 ad
286 1459 419 1556 Quint.
437 1462 520 1558 Fr,
548 1461 576 1538 l.
595 1462 656 1559 ΙΙΙ,
672 1485 733 1564 ep.
752 1462 788 1556 Ι,
807 1485 842 1539 c.
863 1459 901 1558 3,
921 1459 944 1538 9
965 1492 973 1538 :
996 1460 1140 1555 «Quod
1160 1459 1292 1540 scribis
1309 1467 1347 1540 te
1364 1486 1388 1538 u
1404 1461 1555 1538 Caesare
1577 1458 1746 1562 quotidie
1768 1460 1856 1564 plus

110 1585 227 1689 diliqz’,
250 1583 525 1665 immortaliter
544 1584 708 1692 gaudeo.
731 1617 752 1657 r>
771 1584 892 1683 ldem,
917 1587 1018 1683 ltu,
1044 1584 1072 1662 l.
1093 1584 1175 1683 Vll,
1194 1610 1256 1688 ep.
1278 1586 1314 1681 Ι,
1333 1585 1383 1662 2:
1407 1615 1428 1656 «
1441 1584 1597 1663 Vellem
1623 1610 1644 1663 a
1666 1583 1855 1688 principio

111 1717 141 1788 te
154 1711 307 1789 audisse
321 1708 553 1789 amicissime
566 1721 797 1787 mouentem.
815 1738 836 1781 »

155 1833 392 1913 Praeteritum
409 1833 623 1937 perlectum
637 1832 831 1938 passivum
842 1839 881 1912 et
892 1833 1325 1938 plusquamperfectum
1340 1860 1386 1913 ex
1400 1832 1553 1912 intinito
1569 1859 1647 1912 esse
1660 1833 1721 1912 vel
1735 1837 1857 1934 fursee

111 1964 216 2061 atque
239 1955 441 2061 participio
464 1955 646 2061 praeteriti
669 1955 853 2060 temporis
872 1957 1113 2061 supplentur,
1132 1956 1290 2037 mutatis
1304 1955 1478 2037 numeris
1493 1965 1532 2036 et
1546 1956 1769 2064 generibus,
1788 1984 1857 2062 pro

112 2107 145 2161 re
157 2081 203 2162 de
216 2107 294 2186 qua
308 2081 449 2188 agitur.
469 2080 615 2180 Cicero,
639 2082 670 2159 ll
692 2080 808 2178 Phil,
827 2107 862 2160 c.
881 2080 921 2180 9,
938 2081 983 2161 2Ι
1008 2112 1017 2159 :
1040 2083 1118 2160 «Ρ.
1137 2081 1314 2160 Clodium
1331 2107 1416 2161 meo
1432 2080 1592 2161 consilio
1608 2086 1858 2184 cirtersectum

111 2232 179 2285 esee
202 2205 345 2284 dixisti.
372 2238 393 2279 »
418 2205 538 2305 Idem,
566 2231 634 2311 pro
659 2206 832 2305 Cluent,
858 2231 894 2286 e.
921 2206 987 2302 59,
1017 2206 1085 2283 l6l
1119 2237 1127 2282 :
1158 2237 1179 2278 (ι
1199 2207 1455 2312 lnjuriam....
1485 2205 1532 2284 ab
1561 2205 1679 2310 hujus
1709 2206 1858 2285 larnilia

110 2335 342 2429 factumesse
356 2328 514 2408 dixistis
532 2362 553 2403 »
596 2429 600 2437 Δ
1364 2435 1365 2440 ¹

156 2455 326 2534 Verbum
350 2453 545 2535 interdum
572 2453 776 2534 omittitur.
805 2454 925 2551 ldem,
948 2479 1018 2559 pro
1041 2454 1139 2552 Mil,
1164 2479 1199 2534 c.
1219 2454 1257 2553 3,
1278 2456 1300 2530 7
1322 2486 1330 2533 :
1354 2485 1372 2526 a
1393 2456 1542 2563 Negant
1568 2452 1707 2533 intueri
1732 2454 1858 2534 lucem

111 2604 183 2658 esse
196 2579 254 2659 las
269 2579 321 2678 ei,
336 2579 402 2683 qni
419 2605 493 2659 ase
507 2578 708 2658 hominem
723 2583 888 2657 ocez'sum
905 2575 919 2684 t
925 2575 960 2685 l)
976 2577 1157 2657 fateatur.
1177 2611 1197 2651 »

146 2799 238 2862 Verba
251 2799 361 2862 infiniti
376 2799 460 2864 modi
472 2799 607 2881 appellat
619 2797 838 2878 Quintilianus,
853 2798 876 2859 Ι.
894 2797 949 2875 ΙΙΙ,
1011 2798 1139 2861 modum
1158 2823 1165 2862 :
1181 2799 1458 2880 impersonalium,
1472 2798 1744 2880 iasipuificatioum,
1756 2818 1863 2880 perpe-

111 2915 137 2958 c.
152 2899 181 2974 3,
194 2900 225 2974 9,
239 2897 330 2959 verda
350 2897 489 2978 infinum
509 2896 644 2973 Gellius,
666 2897 687 2959 Ι.
708 2896 732 2973 Ι,
751 2915 780 2959 e.
795 2899 828 2973 ¹1,
846 2895 952 2978 iadefi-
1013 2904 1106 2958 tuum.
1127 2895 1188 2960 Sed
1202 2897 1268 2960 haec
1288 2903 1321 2960 et
1338 2897 1447 2960 similia
1465 2897 1530 2960 sine
1550 2897 1610 2959 ulla
1623 2898 1743 2978 jactura
1761 2899 1862 2963 omitti

110 2995 185 3069 sitm
197 2994 387 3074 grammatici
406 2994 566 3076 infinitivo,
585 3013 655 3074 quae
676 3011 778 3074 neque
793 3011 950 3075 personas,
1012 3002 1152 3076 possunt.
1175 2994 1312 3058 Praesens
1337 3003 1369 3058 et
1393 2994 1608 3076 imperfectum
1631 3002 1771 3076 tempus,
1799 3003 1861 3058 tarn

110 3107 205 3171 neque
220 3109 367 3154 numeros
386 3089 545 3153 definiant.
559 3088 735 3166 Diomedes,
750 3090 772 3152 Ι.
787 3089 814 3164 l,
826 3107 858 3170 p.
879 3091 953 3164 33Ι,
1013 3093 1147 3155 activum
1168 3111 1261 3173 quern
1278 3093 1446 3173 passivum,
1462 3111 1523 3155 una
1540 3111 1615 3156 voce
1634 3093 1812 3174 explicatur,
1828 3100 1864 3156 ut

110 3187 194 3250 variis
212 3189 387 3252 nominibus
407 3189 449 3250 ait
470 3187 658 3270 appellatum
685 3205 750 3250 esse
772 3185 953 3250 infinitivum
1014 3209 1132 3268 amare,
1150 3190 1267 3267 amori,
1279 3191 1451 3272 perlectum
1471 3196 1502 3254 et
1514 3190 1677 3272 plusquam
1691 3189 1863 3272 perlectum

1014 3286 1147 3348 activum
1168 3305 1228 3349 una
1247 3288 1339 3350 etiam
1357 3307 1431 3352 voce
1449 3289 1634 3366 continetur,
1651 3295 1685 3349 ul
1702 3290 1863 3366 amavisse·

1015 3382 1169 3464 passivum
1188 3403 1225 3446 ex
1243 3384 1401 3466 participio
1419 3385 1564 3468 praeteriti
1583 3383 1728 3466 temporis
1747 3391 1777 3448 et
1796 3385 1863 3447 infi-

139 3499 172 3564 (¹3
189 3503 297 3553 oreruus
308 3502 383 3554 aare
393 3515 458 3564 em,
469 3503 515 3554 seu
526 3503 648 3554 admonet
661 3500 726 3552 uros
736 3500 951 3552 correpsisse.
1016 3481 1081 3544 nito
1094 3500 1152 3543 esse
1165 3482 1214 3544 vel
1226 3483 1319 3562 fuisse
1332 3485 1501 3565 suppletur.

539 3833 800 3914 FUTURUM
843 3831 1132 3912 INFlNlTUM
1176 3831 1423 3912 ACTlVUltl

163 4065 248 4146 345.
278 4067 386 4147 Fore
411 4069 586 4150 futurum
612 4069 811 4150 inlinitum
837 4078 989 4150 tanturn
1015 4070 1056 4149 in
1081 4098 1152 4150 usu
1177 4077 1252 4169 est,
1276 4069 1529 4178 jungiturque
1554 4094 1652 4149 cum
1682 4069 1863 4149 omnibus

108 4191 308 4295 generibus
322 4201 362 4272 et
375 4200 541 4299 utroque
557 4220 734 4275 numero.
753 4196 901 4296 Cicero,
918 4173 1049 4295 Fam,
1067 4197 1095 4274 l.
1113 4196 1142 4293 l,
1158 4221 1221 4301 ep.
1238 4195 1260 4275 3
1282 4225 1290 4274 :
1312 4194 1612 4274 «Vehementer
1628 4193 1787 4273 confidit
1802 4194 1861 4273 his

110 4313 200 4394 meis
213 4314 333 4397 literis
345 4345 386 4397 sa
400 4320 504 4425 apud
521 4325 557 4400 te
572 4319 784 4427 gratiosum
803 4323 904 4422 sore.
922 4355 943 4396 »
963 4321 1084 4420 ldem,
1104 4323 1205 4419 Att.,
1223 4321 1251 4398 l.
1267 4320 1365 4419 Vlll,
1383 4345 1445 4424 ep.
1465 4320 1502 4420 3,
1524 4319 1572 4398 2:
1596 4349 1617 4392 (ι
1631 4319 1743 4397 ΝΙΙιίΙ
1754 4318 1864 4398 arbi-

111 4445 187 4518 tror
197 4444 286 4542 sore
300 4442 402 4546 quod
418 4442 694 4548 reprehendas.
708 4477 730 4517 »
750 4445 857 4524 ldem
871 4443 920 4523 ad
935 4444 1132 4543 eumdem,
1148 4444 1176 4521 l.
1193 4444 1276 4542 Vll,
1291 4469 1353 4548 ep.
1373 4443 1438 4542 36,
1457 4443 1479 4522 3
1500 4475 1508 4522 :
1531 4473 1552 4516 (ι
1570 4440 1756 4548 Dionysio
1770 4443 1862 4521 dum

108 4561 373 4645 existimabam
385 4593 503 4675 vagos
515 4595 584 4648 reos
596 4574 700 4672 sore,
718 4569 827 4649 nolui
843 4571 1029 4650 molestus
1043 4594 1139 4649 esse.
1156 4601 1177 4642 »

163 4687 304 4771 Cetera
318 4690 458 4795 quibus
472 4691 586 4797 prisci
602 4692 660 4772 usi
675 4702 764 4772 sunt
774 4693 855 4798 jam
870 4693 1136 4791 exoleverunt,
1153 4718 1222 4797 pro
1237 4690 1376 4796 quibus
1389 4691 1541 4772 infinito
1556 4718 1637 4771 csse
1652 4700 1688 4771 et
1700 4689 1866 4797 partici—

107 4808 172 4912 pio
185 4811 223 4891 in
235 4842 305 4894 rus
319 4814 482 4895 utimur.
500 4815 647 4916 Cicero,
665 4820 767 4915 Ate,
786 4817 814 4894 Ι.
829 4816 896 4916 Vl,
912 4841 976 4922 ep.
995 4816 1034 4915 3,
1051 4817 1075 4891 7
1094 4846 1103 4894 ι
1127 4847 1148 4888 «
1162 4815 1277 4894 lllnm
1296 4841 1386 4896 eum
1400 4820 1581 4918 [uturum
1598 4841 1675 4894 esse
1690 4823 1783 4920 puto
1798 4813 1865 4919 qui

106 4937 327 5019 essedebet.
344 4971 365 5014 u
385 4940 506 5040 ldem,
523 4940 571 5021 de
585 4942 711 5040 Orat,
729 4942 757 5018 Ι.
776 4941 805 5040 Ι,
823 4966 859 5021 c.
879 4940 917 5036 3,
937 4941 980 5019 ll
1003 4971 1012 5020 :
1036 4941 1170 5021 «Vere
1187 4939 1284 5019 milri
1303 4938 1375 5020 hoe
1390 4940 1520 5020 videor
1538 4966 1618 5020 csse
1638 4940 1822 5019 dictumue.
1840 4971 1861 5011 »

108 5057 226 5162 ldem,
250 5064 281 5142 ll
305 5063 423 5164 Phil,
450 5091 485 5146 c.
514 5064 580 5167 39,
608 5065 660 5145 80
688 5097 697 5145 :
727 5097 748 5139 (ι
773 5064 893 5170 ldque
917 5091 957 5146 se
981 5070 1184 5168 sucturum
1207 5090 1285 5144 esse
1307 5063 1551 5146 asseveravit.
1575 5097 1597 5140 »
1615 5063 1733 5163 ldem,
1751 5064 1863 5144 Verr.

108 5192 184 5264 aet.
199 5188 243 5288 ll,
260 5187 289 5267 l.
308 5190 337 5290 l,
354 5215 390 5269 c.
411 5192 448 5291 l,
469 5191 520 5270 2:
544 5221 565 5264 a
578 5191 664 5274 Non
681 5190 843 5271 moleste
857 5189 939 5272 lero
954 5215 1017 5270 me
1033 5188 1175 5270 laboris
1190 5187 1280 5286 mei,
1299 5215 1366 5269 vos
1380 5188 1531 5269 virtutis
1545 5197 1678 5269 vestre
1697 5189 1866 5269 tructurn

104 5333 187 5390 esec
201 5313 361 5393 loturos.
374 5345 397 5388 u

1690 5457 1724 5518 ar
