4678 6162
652 850 776 990 DE
841 843 1347 992 PROSODIA

184 1236 275 1318 563.
307 1239 427 1324 Graeei
440 1247 621 1348 προσωδίας,
639 1239 767 1320 Latini
778 1250 968 1340 occentus,
986 1253 1135 1321 tenores
1147 1247 1186 1320 el
1200 1236 1395 1320 interdum
1408 1251 1512 1318 tonos
1524 1243 1675 1318 vocant.

184 1365 379 1446 docentus
399 1374 524 1446 rector
545 1374 600 1446 est
621 1390 665 1446 ac
687 1364 903 1446 moderator
923 1361 1247 1472 pronuntiationis
1270 1393 1279 1443 :
1305 1387 1350 1442 eo
1373 1361 1479 1443 enim
1502 1361 1565 1442 val
1587 1360 1790 1464 attollitur,
1817 1363 1876 1443 val

129 1485 306 1594 dejicitur
315 1515 407 1592 vox;
422 1490 483 1571 vel
497 1489 637 1597 partim
652 1489 855 1591 attollitur,
871 1489 1009 1598 partim
1024 1488 1217 1596 dejicitur.
1233 1486 1342 1570 Unde
1357 1486 1482 1594 ipsum
1495 1511 1574 1568 nou
1589 1485 1782 1569 immerito
1796 1487 1878 1594 qui·

131 1611 220 1693 dam
234 1619 335 1694 oooa‘a
347 1618 518 1697 animam
533 1615 790 1723 appellarunt.

736 1960 1061 2058 ACCENTUS
1101 1957 1278 2053 TRES.

181 2205 271 2286 Tres
289 2210 377 2284 sunt
397 2210 561 2301 tenores,
585 2190 733 2302 ocutus,
758 2204 901 2307 provio,
923 2201 1204 2308 oboumfloaos.
1229 2202 1354 2286 Acuto
1373 2198 1562 2281 attollitur
1585 2198 1749 2309 syllaba,
1774 2202 1878 2310 gravi

129 2326 372 2435 deprimitur,
389 2335 431 2409 ut
444 2329 638 2434 populata:
662 2324 971 2433 antepenultima
992 2325 1156 2425 acuitur,
1178 2325 1395 2433 penultima
1415 2351 1505 2408 vero
1527 2333 1566 2407 ot
1584 2325 1723 2408 ultima
1745 2326 1880 2435 depri-

129 2460 292 2534 muntur
302 2451 568 2562 gradatimque
582 2452 834 2534 descendunt.
852 2449 968 2533 Ae‘uti
978 2459 1069 2532 nota
1083 2477 1104 2532 e
1118 2449 1272 2532 sinistra
1282 2449 1323 2531 iu
1338 2450 1508 2533 dextram
1523 2451 1678 2557 oblique
1692 2452 1876 2556 ascendi13

128 2576 256 2686 gravis
270 2603 292 2658 a
306 2602 458 2658 summo
472 2577 513 2659 in
528 2577 695 2658 dextram
710 2575 866 2684 oblique
886 2575 1097 2658 descendit.
1117 2580 1291 2658 Accentu
1307 2575 1555 2659 circumflexo
1572 2575 1712 2683 partim
1731 2577 1880 2660 attolli-

130 2713 207 2804 tur,
229 2704 371 2811 partim
393 2703 574 2812 dejicitur
591 2703 759 2811 syllaba,
783 2703 1063 2804 aldomnus,
1085 2701 1169 2808 ejus
1190 2709 1282 2783 nola
1302 2728 1348 2784 ax
1370 2711 1480 2784 acuto
1509 2710 1546 2784 et
1570 2702 1677 2811 gravi
1703 2710 1874 2794 constat:

127 2854 244 2909 sonus
262 2828 375 2911 bodie
396 2828 564 2934 inpastus
587 2837 661 2929 est,
684 2826 873 2934 siquidem
896 2826 1025 2908 latinae
1046 2824 1189 2935 linguae
1208 2826 1390 2933 hospites,
1411 2824 1625 2933 veterisque
1647 2828 1878 2934 pronuntia-

130 2952 245 3034 lionis
258 2952 398 3061 ignari,
414 2953 549 3034 eodem
564 2952 718 3061 penit-us
732 2977 825 3034 sono
841 2961 924 3034 lum
938 2959 1067 3034 aeuus
1081 2959 1164 3031 tum
1179 2950 1295 3032 flexas
1310 2978 1422 3035 voces
1439 2951 1647 3034 efferimus.

184 3082 333 3159 Acutus
346 3077 389 3158 in
404 3077 622 3184 penultima
634 3079 696 3161 vel
712 3077 1020 3185 antepenultima
1034 3077 1161 3158 locum
1177 3077 1315 3180 babel;
1333 3077 1599 3160 circumflexus
1611 3077 1652 3159 in
1667 3079 1879 3186 penultima

129 3209 303 3305 tantum3
321 3201 446 3312 gravis
460 3203 528 3284 ubi
542 3212 705 3309 uterque
720 3203 840 3286 abest.

797 3473 1141 3602 ramosarum
1176 3523 1205 3600 1.

180 3749 271 3828 564.
303 3748 456 3830 Nullius
479 3747 587 3830 verbi
607 3745 717 3828 latini
740 3743 878 3824 ultima
897 3742 1060 3851 syllaba,
1080 3750 1235 3824 auclore
1256 3741 1511 3843 Quintiliano,
1528 3745 1556 3824 l.
1581 3745 1611 3843 l,
1634 3769 1670 3824 a.
1693 3747 1731 3844 5,
1752 3745 1818 3846 3l,
1838 3754 1876 3827 et
1955 3835 1963 3851 ⁸

125 3874 155 3954 l.
182 3875 263 3974 Xll‚
287 3900 323 3959 o.
349 3875 411 3974 l0,
438 3873 504 3974 33,
524 3880 587 3953 aut
610 3869 775 3971 aeuitur,
802 3875 868 3949 aut
889 3866 1213 3949 circumflectitur.
1239 3868 1364 3967 Quare
1380 3869 1534 3974 polam,
1563 3875 1661 3970 dno,
1690 3871 1807 3969 oliba,
1838 3880 1877 3952 el

125 4006 263 4080 caetera
285 3998 324 4079 id
345 4023 467 4107 genus
490 3997 684 4097 adverbia,
707 3995 831 4104 prima
852 3999 966 4075 acuta
992 4001 1083 4073 sunt
1104 3991 1405 4099 pronuntianda.
1430 3993 1510 4080 Nee
1531 4001 1569 4074 te
1597 4002 1748 4076 moveat
1776 3997 1874 4100 quod

125 4122 310 4204 ultimaea
331 4121 579 4232 typographis
592 4121 699 4232 gravi
720 4124 882 4202 accentu
897 4126 1101 4219 notentur3
1118 4117 1157 4197 id
1172 4116 1279 4200 enim
1301 4125 1449 4198 tantum
1464 4118 1522 4219 lit,
1539 4127 1582 4200 ut
1597 4118 1775 4201 adverbia
1795 4145 1875 4202 esse

125 4247 335 4356 intelligas.

784 4416 1123 4558 ramosarum
1162 4477 1211 4557 11.
1318 4552 1331 4579 ,

178 4679 302 4761 Diolio
316 4679 431 4761 unius
445 4680 602 4789 syllabae
616 4689 755 4760 natura
767 4677 909 4776 brevis,
927 4687 990 4758 aut
1004 4678 1190 4785 positione
1204 4678 1328 4759 solum
1345 4677 1476 4786 longa,
1496 4677 1656 4790 acuitur,
1674 4687 1714 4757 ut
1726 4687 1781 4778 o't,
1798 4687 1870 4779 dat,

122 4809 215 4910 so‘o,
232 4805 326 4885 data.

773 5033 1110 5116 PRAECEPTUM
1152 5034 1223 5115 lll.

177 5237 300 5321 Dietio
322 5239 437 5320 unius
462 5239 618 5346 syllabae
636 5248 775 5331 natura
798 5239 932 5348 longa,
956 5247 1023 5320 aut
1046 5238 1234 5347 positione
1252 5238 1364 5320 simul
1384 5247 1423 5319 et
1451 5246 1606 5330 natura,
1628 5237 1809 5339 flectitur,
1831 5247 1873 5318 ut

121 5365 314 5463 maestos,
332 5362 414 5444 tata.
1791 5373 1794 5378 ⁴
