4678 6162
1245 567 1291 620 DE
1310 566 1436 622 vnttstt.
1518 587 1521 594 ’

1178 873 1498 956 GLYCONlUbl

521 1122 610 1202 527.
641 1121 870 1226 Glycom'um
883 1145 1039 1201 carmen
1059 1129 1209 1201 constat
1227 1121 1396 1226 spondeo
1414 1129 1453 1202 et
1469 1121 1620 1203 duobus
1639 1122 1816 1230 dactylis,
1833 1146 1909 1226 quo
1925 1121 2073 1203 Seneca
2086 1119 2206 1201 inler-

464 1249 558 1328 dum
572 1247 707 1328 choros
721 1244 868 1328 scribit.
884 1246 1040 1352 Thyest.
1058 1254 1133 1327 act.
1152 1248 1198 1345 ll,
1216 1273 1253 1325 v.
1273 1246 1351 1326 336
1370 1279 1378 1326 :

858 1430 996 1494 Tandem
1017 1430 1100 1511 regia
1120 1429 1249 1511 nobilis,

859 1527 986 1611 Antiqui
1005 1547 1102 1611 genus
1121 1527 1238 1607 Inachi,

861 1627 1001 1691 Fratrum
1022 1628 1195 1710 composuit
1214 1627 1323 1692 minas.

1112 1938 1555 2022 ASCLEPIADEUM.

516 2193 607 2272 528.
638 2191 929 2296 Asclepc'odeum
948 2214 1106 2271 carmen
1126 2199 1275 2271 constat
1292 2191 1478 2297 spondeo,
1500 2192 1648 2272 duobus
1670 2191 1917 2288 choriambis,
1939 2198 1978 2272 el
1992 2189 2202 2299 pyrrichi03

460 2317 522 2397 vel
547 2318 738 2422 spondeo,
764 2315 935 2421 dactylo,
958 2322 996 2396 et
1023 2313 1171 2422 syllaba
1198 2316 1333 2425 longa,
1366 2317 1505 2398 deinde
1530 2316 1680 2399 duobus
1706 2316 1879 2426 dactylis.
1904 2316 2102 2414 Horatius,
2126 2316 2153 2395 l.
2171 2319 2201 2414 l,

460 2441 531 2524 ode
553 2443 588 2542 l,
610 2468 647 2521 v,
673 2443 689 2521 l
713 2471 722 2520 ε

854 2617 1011 2696 blaecenas,
1026 2618 1119 2682 atavis
1131 2617 1211 2684 edite
1229 2619 1365 2700 regibus.

1145 2931 1515 3013 PHALEUClUM.

415 3189 418 3192 ’
511 3182 602 3262 529.
640 3183 888 3261 Pholeueoicm
912 3206 1072 3261 carmen
1094 3178 1265 3285 quinque
1286 3179 1448 3286 pedibus
1468 3187 1639 3280 constat,
1662 3179 1852 3287 spondeo,
1873 3178 2046 3287 dactylo,
2071 3178 2207 3261 deinde

461 3305 583 3389 tribus
602 3304 766 3388 choreis.
787 3303 987 3405 Martialis,
1006 3305 1033 3384 l.
1052 3306 1082 3404 l,
1100 3303 1223 3412 epigr.
1244 3305 1310 3407 53,
1328 3333 1366 3384 v.
1387 3306 1403 3384 l
1425 3337 1435 3385 :

851 3490 1043 3557 Commendo
1059 3491 1124 3567 tibi,
1139 3490 1315 3571 Quintiane,
1331 3497 1453 3556 nostros
1461 3511 1471 3572 ;

850 3591 978 3656 Nostros
990 3590 1092 3654 dicere
1106 3590 1131 3654 si
1144 3597 1249 3654 tamen
1265 3589 1383 3654 libellos

853 3689 980 3768 Possim,
996 3707 1076 3772 quos
1089 3688 1197 3753 recitat
1209 3693 1283 3752 tuus
1297 3693 1401 3770 poeta.

496 3916 641 3981 Versibus
659 3915 919 3998 hendecasyllabis
934 3915 989 3992 (sic
1009 3915 1091 3980 enim
1110 3934 1127 3978 e
1148 3933 1278 3980 numero
1298 3913 1483 3997 syllabarum
1502 3913 1595 3978 etiam
1613 3913 1820 3996 appellantur)
1835 3914 2003 3997 plurimum
2014 3919 2141 3978 utuntur
2154 3913 2209 3996 qui

457 4018 677 4100 epigrammata
690 4014 837 4079 scribunt.

1031 4253 1345 4336 SAPPHlCUM
1387 4251 1630 4335 CARMEN.

511 4508 603 4588 530.
632 4509 776 4588 Versus
795 4507 998 4626 sapphicus
1023 4502 1195 4610 quinque
1217 4503 1334 4610 pedes
1354 4505 1427 4585 hoc
1451 4503 1587 4585 ordine
1616 4500 1786 4584 admittit
1817 4533 1825 4581 :
1856 4499 2063 4600 choreum,
2087 4525 2212 4606 spon-

457 4633 589 4734 deum,
605 4632 818 4740 dactylum,
831 4629 972 4713 deinde
991 4629 1086 4710 duos
1099 4629 1277 4733 chore0s3
1298 4628 1410 4711 tertio
1424 4628 1566 4736 cuique
1581 4627 1747 4711 carmini
1762 4627 1843 4708 lere
1853 4625 2023 4709 nectitur
2035 4625 2211 4728 odontes,

456 4749 523 4867 q'ui
538 4786 583 4841 ex
596 4757 745 4867 dactylo
760 4765 800 4840 et
813 4756 983 4864 spondeo
998 4764 1163 4838 constat.
1181 4754 1377 4855 Horatius,
1393 4754 1421 4835 l.
1439 4757 1469 4855 l,
1486 4755 1558 4838 ode
1575 4756 1640 4857 23,
1658 4781 1695 4834 v.
1716 4754 1732 4832 l
1755 4783 1765 4832 ε

753 4963 757 4974 ’
852 4943 1057 5027 lntegervilse
1070 4944 1254 5027 scelerisque
1267 4961 1363 5027 purus
1432 5023 1445 5044 ·

850 5045 919 5109 Non
931 5051 1002 5128 eget
1013 5045 1123 5108 Manus
1135 5043 1255 5125 jaculis,
1271 5061 1472 5127 aequamen,

850 5145 915 5209 Nec
928 5143 1084 5208 venenatis
1097 5143 1223 5224 gravida
1237 5145 1363 5226 sagittis,

929 5243 1038 5321 Fusco,
1053 5243 1195 5325 pharetra
1213 5267 1220 5307 :

852 5341 920 5406 Siva
933 5361 987 5426 per
999 5343 1103 5426 Syrtes
1116 5342 1172 5407 iter
1184 5346 1340 5421 aestuosas,

850 5439 920 5506 Sive
934 5440 1069 5506 tacturus
1084 5460 1139 5523 per
1150 5439 1364 5522 inhospitalem
