4646 6164
1120 579 1166 632 nii
1185 580 1325 634 uiritim
1344 584 1519 637 situlum.

1158 886 1223 966 AS
1262 889 1317 968 lN
1354 888 1484 970 FINE

475 1143 591 1344 Ί197.
596 1143 674 1347 ἓν
693 1139 966 1346 spllabaglpuito
984 1141 1101 1250 louge
1113 1150 1219 1242 suut,
1236 1149 1280 1221 ut
1293 1143 1452 1244 AEneos,
1469 1145 1616 1249 Pallor,
1633 1151 1845 1249 Pallanteo,
1859 1153 1940 1252 fcio,
1958 1153 2086 1251 nescio.
2101 1148 2185 1229 Vir-

447 1291 578 1372 girus,
646 1290 687 1345 u.
746 1292 812 1368 ,v.
901 1297 910 1344 :

839 1447 958 1512 AEaeua
972 1448 1096 1530 ignarus
1105 1449 1204 1529 abest,
1214 1449 1337 1532 ignarus
1347 1453 1476 1518 etabait.

445 1615 564 1712 ldem,
581 1610 695 1711 ibid.,
714 1640 751 1692 v.
770 1611 847 1690 133
867 1642 875 1690 :

839 1795 913 1860 Tele
927 1813 1098 1879 manusque
1112 1796 1199 1878 sinit;
1215 1797 1287 1862 hino
1299 1798 1407 1864 Patina
1420 1799 1513 1866 instat
1526 1809 1557 1866 et
1571 1811 1672 1886 urget.

442 1964 564 2062 Idem,
581 1963 721 2069 Georg.
743 1961 773 2059 l,
790 1987 828 2038 v.
846 1957 923 2038 268
942 1989 951 2038 :

838 2147 958 2230 Quippe
973 2144 1068 2209 otiam
1081 2143 1166 2208 iestis
1178 2143 1320 2227 quadum
1330 2162 1475 2212 exeruere
1490 2148 1599 2214 diebus

838 2245 902 2307 For
915 2252 946 2308 et
958 2245 1027 2325 jura
1040 2241 1157 2308 sinunt.

403 2428 405 2436 ’
442 2411 653 2509 luvenalis,
673 2409 754 2490 Sat.
772 2408 873 2508 Xlll,
894 2433 929 2486 v.
948 2406 1023 2484 54:

840 2590 1012 2655 Credebant
1024 2589 1084 2653 hoe
1097 2588 1211 2669 grande
1222 2588 1319 2670 aesia,
1333 2595 1366 2653 et
1378 2595 1478 2654 morto
1490 2589 1639 2674 piandum

843 2690 875 2754 Si
886 2688 1008 2770 iuvenis
1019 2687 1124 2751 vetulo
1136 2704 1200 2751 non
1212 2691 1430 2750 assurrexerat.
1759 2709 1762 2716 ·

1179 2989 1451 3062 EXCEP'l'lO.

495 3194 652 3302 Corripe
665 3218 787 3304 greca
801 3217 968 3299 quorum
978 3191 1172 3300 genitivus
1186 3190 1263 3273 erit
1274 3190 1316 3270 in
1328 3191 1426 3290 ado,
1444 3199 1489 3272 ut
1502 3194 1638 3290 Arado,
1656 3193 1806 3291 Polluta,
1824 3195 2012 3275 Pallados.
2030 3239 2083 3256 -
2095 3199 2177 3275 ltem

433 3320 679 3405 'accusativos
694 3317 816 3400 tertiae
835 3313 1106 3397 declinationis
1125 3314 1331 3395 nominum
1345 3315 1582 3416 Graecorum,
1599 3323 1643 3397 ut
1660 3316 1791 3417 Troas,
1804 3319 2021 3424 delphinos,
2039 3321 2176 3400 heroda.

443 3445 614 3544 Ovidius,
630 3444 788 3525 Metam.
805 3441 872 3541 Vl,
891 3466 929 3519 v.
948 3439 998 3519 26
1017 3471 1025 3518 ε

837 3623 943 3785 {pipios
957 3641 1051 3686 unum
1064 3623 1199 3702 simulat,
1214 3621 1367 3708 inuusque
1382 3624 1413 3687 in
1426 3631 1671 3708 temporaneum

911 3721 945 3782 ’1.

319 4000 322 4012 .
444 3887 645 3986 Martialis,
663 3887 690 3966 i.
710 3886 776 3984 lX,
794 3882 919 3991 epigr.
938 3882 1004 3980 35,
1021 3907 1055 3960 v.
1074 3881 1098 3960 6
1117 3913 1126 3960 :

840 4067 917 4132 (lum
929 4066 1042 4150 quibus
1054 4065 1177 4130 Aloidas
1191 4070 1224 4129 et
1237 4065 1306 4148 pius
1317 4068 1413 4130 Arme
1424 4071 1500 4131 erat.

444 4237 615 4336 Ovidius,
633 4232 746 4341 epist.
764 4235 794 4331 l,
810 4231 848 4310 v.
871 4229 917 4309 13
937 4260 945 4308 ε

838 4415 874 4480 ln
887 4421 920 4479 ts
933 4415 1089 4497 fingebam
1102 4414 1253 4478 violentos
1269 4412 1361 4476 Trosio
1373 4415 1479 4480 ituros.

443 4582 641 4692 Virgilius,
658 4579 793 4688 Eulog.
811 4577 877 4677 lV,
894 4602 933 4655 v.
956 4574 1003 4653 16
1022 4605 1030 4653 :

836 4759 999 4826 Permistos
1011 4759 1126 4836 heroda,
1140 4763 1172 4822 et
1184 4758 1250 4841 ipse
1262 4756 1414 4822 videbitur
1427 4757 1497 4821 illis.

482 5011 507 5074 S
526 5009 614 5072 litera
635 5005 733 5082 linita,
754 5018 826 5066 oum
844 4996 943 5063 multo
956 4997 1046 5062 latius
1059 5001 1183 5080 puteant
1195 5015 1287 5080 supe-
1340 4986 1462 5070 ripitur,
1475 4985 1557 5072 quod
1574 4984 1797 5049 aliteroarmen
1810 4981 1931 5065 ingredi
1943 4982 2069 5046 minime
2083 4979 2179 5064 possit.

439 5109 580 5185 rioribus,
604 5104 636 5168 in
659 5102 755 5166 varias
772 5098 943 5183 positiones
966 5095 1139 5160 necessario
1160 5093 1286 5159 luerunt
1382 5083 1460 5147 ltem
1482 5083 1596 5161 tertiae,
1623 5100 1757 5165 quorum
1779 5079 1930 5163 genitivus
1950 5079 1982 5143 in
2005 5081 2082 5142 ontis
2105 5077 2178 5151 erit,

438 5203 661 5271 distribuenda.
683 5199 849 5264 iiamuiina
869 5197 976 5279 prima
998 5193 1226 5272 declinationis,
1250 5197 1285 5256 ut
1340 5181 1481 5245 uitimam
1499 5181 1690 5263 producunt,
1712 5187 1746 5243 ut
1771 5178 1904 5256 Caieta,
1920 5178 2019 5240 Acies.
2035 5174 2177 5246 numnis,

441 5304 569 5381 AEnem,
583 5299 747 5374 Menalcas,
768 5295 932 5370 Domoetm,
953 5291 1175 5373 Hennaporos,
1191 5290 1284 5371 longa
1339 5280 1361 5344 l.
1375 5279 1431 5358 ix,
1446 5279 1544 5361 epigr.
1557 5282 1588 5357 i,
1604 5299 1633 5343 v.
1649 5281 1688 5342 ὅς

439 5388 1284 5474 ,6661811666616666161611611616.066116,ν.12,666-
1404 5413 1577 5467 Comum,
1589 5413 1711 5477 ΔΝΜ
1723 5425 1773 5463 nou
1785 5412 1918 5464 emm
1927 5417 1991 5464 m
