4646 6164
1096 539 1140 590 DE
1161 541 1326 592 NOlllllUll
1346 540 1586 594 lncnssttunto.

1192 778 1446 852 EXCEPTlO
1472 781 1503 850 1..

524 973 680 1081 Corripe
696 975 912 1056 masculina
923 977 963 1056 in
979 979 1020 1057 cl
1035 986 1073 1059 et
1088 1005 1150 1079 or,
1167 988 1211 1060 ut
1224 982 1296 1080 sol,
1314 983 1494 1084 Accedet,
1512 984 1704 1082 Amilcar,

738 1153 821 1232 Por
834 1178 924 1233 eum
939 1153 1174 1258 compositis,
1192 1158 1315 1262 lepor
1327 1183 1417 1237 cum
1433 1167 1604 1252 occtdre,
1616 1159 1794 1254 docetor,

738 1278 832 1357 Cum
847 1279 956 1377 voce,
973 1305 1057 1357 roos
1071 1286 1108 1359 et
1123 1307 1233 1380 ones,
1251 1281 1360 1385 queis
1371 1281 1514 1390 junges
1525 1283 1662 1386 larque
1669 1283 1887 1386 jubarque.

472 1460 651 1570 Vigitius,
670 1465 762 1543 AEn.
780 1467 810 1565 l,
827 1491 865 1541 v.
885 1464 933 1543 35
955 1495 963 1543 :

870 1648 946 1713 Vela
958 1649 1071 1714 dabant
1084 1650 1158 1730 laeti,
1169 1656 1202 1715 et
1212 1669 1337 1736 spumas
1349 1653 1423 1715 adlit
1435 1669 1495 1716 aere
1507 1649 1652 1714 ruebant.

477 1805 605 1908 Silius,
623 1808 651 1887 l.
668 1808 766 1908 Vlll,
783 1834 818 1887 v.
839 1809 914 1888 277
931 1839 940 1888 ε

409 1979 411 1982 ’
869 1993 1046 2058 Annibalem
1059 1995 1154 2060 Fabio
1165 1994 1445 2078 ducamspectante
1456 2015 1511 2079 per
1523 1995 1651 2060 Urbem.

476 2151 596 2251 Idem,
614 2151 642 2230 Ι.
662 2157 691 2252 l,
708 2179 745 2232 v,
764 2153 840 2233 398
860 2184 869 2234 ε

873 2339 927 2402 Cui
941 2358 1057 2404 saevum
1069 2342 1229 2428 arridens:
1248 2341 1394 2406 Narrabis
1405 2340 1567 2404 Amilcdria
1580 2341 1708 2404 umbris.

477 2497 674 2607 Virgilius,
692 2502 783 2580 AEn.
799 2501 849 2602 V,
868 2529 905 2581 v.
924 2505 1002 2581 744
1020 2535 1028 2582 ε

870 2685 1136 2770 Pergameumque
1150 2689 1272 2766 Ldrem,
1288 2694 1320 2752 et
1333 2707 1416 2753 cane
1430 2688 1600 2770 penetralia
1612 2687 1724 2752 Vestae.

1186 2949 1439 3023 EXCEPTlO
1469 2951 1520 3020 ll.

528 3126 624 3205 ltem
646 3150 769 3231 graeca
789 3124 829 3204 in
851 3152 876 3205 c
897 3133 936 3205 et
957 3152 1013 3226 os,
1038 3133 1081 3204 ut
1100 3153 1251 3230 poema,
1268 3137 1444 3224 stemma,
1462 3126 1613 3225 Pollae,
1631 3133 1670 3205 et
1684 3149 1769 3230 quae
1783 3132 2064 3204 consonantem
2083 3122 2204 3200 habent

479 3255 568 3328 onte
582 3275 615 3347 o,
633 3255 677 3327 ul
691 3250 808 3349 trodo,
829 3250 969 3348 Araba,-

744 3436 792 3514 Et
806 3437 970 3540 dropace,
987 3437 1172 3534 entheae,
1187 3439 1324 3533 Acrae,
1340 3461 1429 3514 cum
1442 3437 1614 3534 smilace,
1632 3436 1796 3531 clamem·

674 3584 677 3592 ’
748 3559 817 3640 His
830 3563 1000 3660 Atdcem,
1012 3568 1217 3664 partricem,
1236 3561 1419 3660 coldcem,
1434 3567 1701 3663 styracemque
1715 3563 1939 3663 fdcemque,

742 3687 870 3789 Atque
885 3685 1052 3783 abdcem,
1069 3694 1256 3783 cordccm,
1266 3684 1474 3790 ptyldcem
1485 3690 1760 3790 compostaque
1776 3690 1923 3773 nectes.

483 3868 693 3968 luvenalis,
708 3868 788 3948 Sat.
806 3869 904 3968 Vlll,
920 3895 958 3948 v.
981 3869 996 3946 l
1020 3901 1028 3948 :

879 4036 1044 4098 Stemmdtc
1055 4035 1129 4118 quid
1138 4034 1270 4100 faciunt?
1283 4035 1357 4117 quid
1371 4036 1510 4117 prodest,
1524 4034 1668 4116 Pontice,
1683 4035 1779 4116 longo

883 4133 1038 4214 Sanguine
1052 4133 1187 4198 censerit

482 4293 684 4402 Virgilius,
702 4297 793 4376 AEn.
812 4297 862 4395 ΙΙ,ι
875 4322 912 4375 v.
934 4297 980 4374 15
1000 4328 1009 4374 ε

881 4462 978 4526 Instar
988 4462 1099 4527 montis
1109 4480 1225 4545 equum
1234 4461 1338 4526 divina
1348 4460 1487 4525 Pollddia
1497 4465 1562 4523 arte

881 4560 1056 4625 AEditicant.

483 4716 656 4819 Ovidius,
673 4723 777 4801 Fast.
795 4720 860 4821 lV,
876 4747 913 4800 v.
933 4720 1010 4800 569
1027 4752 1036 4801 :

878 4888 959 4952 Nam
972 4888 1067 4954 modo
1081 4889 1251 4970 thurilegos
1263 4888 1391 4967 Arelas,
1407 4887 1503 4953 modo
1516 4885 1646 4968 despicit
1658 4885 1762 4950 ludos.

2130 4519 2133 4526 ι

2134 4554 2137 4567 1

2116 4579 2132 4594 ”N

2115 4602 2153 4614 κι

2145 4618 2149 4629 ι

2082 4639 2116 4648 -ι

2057 4636 2145 4726 y

522 5090 593 5156 Non
607 5090 785 5174 excepimus
801 5111 871 5166 aar,
893 5092 966 5175 quia
987 5098 1129 5158 neutrum
1152 5103 1209 5170 ast,
1226 5098 1262 5156 ut
1274 5110 1331 5157 suo
1388 5091 1450 5155 avis
1462 5107 1592 5168 nomon,
1607 5106 1760 5172 nusquam
1774 5094 1834 5166 est,
1855 5088 1939 5171 quod
1953 5087 2058 5151 sciam.
2082 5085 2135 5147 Vos
2147 5077 2216 5144 vata

483 5189 554 5252 loco
578 5189 724 5268 diximus,
759 5189 897 5273 quamvis
923 5191 1015 5255 etiam
1047 5193 1131 5274 apud
1157 5191 1331 5272 Virgilium,
1389 5189 1562 5272 corripitur.
1573 5187 1729 5267 Horatius,
1742 5186 1768 5264 l,
1783 5192 1840 5250 sat.
1856 5191 1886 5264 l,
1900 5204 1931 5249 v.
1947 5189 1982 5248 ll
1998 5203 2006 5248 :

485 5285 556 5348 AEn.
571 5285 635 5361 Vll,
653 5306 681 5349 v.
694 5290 766 5366 517,
779 5287 982 5352 masculinum
991 5289 1128 5370 legatum
1143 5307 1246 5372 neque
1259 5288 1331 5370 Car,

485 5383 632 5464 quoniam
648 5402 778 5450 numero
797 5385 941 5468 singulari
958 5387 1134 5452 inusitatum
1147 5393 1205 5452 eat.
1219 5387 1332 5468 Luccr,
1453 5401 1579 5456 litemus
1589 5401 1716 5466 omanus,
1726 5401 1841 5468 nunna
1852 5401 2018 5454 ermonem
2030 5399 2118 5451 ornem
2128 5400 2172 5446 est.
