4646 6166
1210 508 1427 580 aunrunurr,

845 791 964 919 DE
1040 785 1781 920 CONJUNCTIONE

501 1097 587 1179 127.
618 1095 848 1204 Conjunctio
863 1105 920 1178 est
932 1122 1020 1203 pars
1032 1094 1216 1176 orationis
1229 1103 1463 1177 connectens
1476 1093 1733 1200 ordinansque
1744 1094 1990 1176 sententiam.

356 1229 358 1232 ’
497 1220 823 1329 Conjuuctionum
837 1221 984 1329 speeies
997 1219 1074 1303 sive
1087 1219 1387 1330 significationes
1397 1219 1510 1301 variae
1523 1225 1635 1300 sunt:

496 1346 744 1453 Copulativae,
760 1357 803 1428 ut
816 1375 874 1444 cc,
892 1360 1016 1454 utque,
1031 1359 1080 1448 et,
1098 1374 1186 1455 quc,
1203 1355 1279 1428 etc.

497 1471 755 1579 Disjunctivaa,
770 1481 813 1553 ut
832 1475 903 1572 cel,
919 1499 977 1572 oc,
992 1477 1084 1573 acce,
1100 1499 1182 1572 ceu,
1199 1483 1281 1571 out,
1298 1499 1360 1552 ue.
1496 1489 1508 1510 ·

500 1596 769 1698 Adversativn,
784 1605 828 1678 ut
841 1602 925 1696 etot,
940 1601 1105 1696 tometu',
1122 1623 1354 1705 quanquam,
1371 1599 1556 1702 quomam,
1572 1603 1646 1677 etc.

497 1722 726 1824 Collectivae,
745 1722 825 1805 sive
843 1721 1015 1823 illativae,
1038 1722 1117 1804 sive
1135 1721 1357 1822 rationales,
1379 1727 1421 1800 ut
1438 1743 1544 1824 erqo,
1565 1724 1696 1826 oquitur,
1719 1747 1852 1828 quom,
1869 1723 2064 1829 quocirca,
2081 1745 2185 1828 qom-

442 1860 619 1955 propter,
634 1852 773 1955 itaque,
790 1857 866 1932 etc.
1086 1838 1094 1858 ⁴

499 1975 693 2076 Causales,
714 1982 758 2056 ut
776 2000 955 2083 numque,
975 1976 1179 2080 ecquidem,
1200 1978 1303 2080 quio,
1321 1977 1517 2079 quonium,
1534 1977 1652 2073 mom,
1671 1975 1826 2071 etenim,
1846 1973 1963 2078 quod,
1971 1984 2187 2080 propterea

447 2101 565 2208 quod,
582 2109 654 2183 etc.

499 2224 718 2332 Expletivae,
732 2233 775 2305 ut
788 2226 954 2334 qmiiem,
971 2225 1161 2333 equidem,
1179 2231 1255 2305 etc.

500 2347 793 2458 Coujunctiones
805 2348 946 2458 partim
958 2357 1048 2430 sunt
1055 2351 1333 2455 praepocitc'ooe,
1349 2347 1490 2455 partim
1502 2347 1766 2454 ucbjuuctcuae,
1784 2345 1926 2455 partim
1940 2349 2090 2432 medua.

498 2478 758 2583 Praepooitc'uae
777 2475 854 2557 sive
869 2479 1064 2582 pm'ucc'pec
1082 2482 1172 2554 sunt
1191 2500 1275 2579 quae
1295 2472 1336 2554 in
1356 2473 1529 2555 oratione
1548 2481 2182 2584 praeeun1,uteut,cc,utquc,ct,

448 2611 522 2701 oct,
538 2599 610 2701 cel,
626 2628 711 2702 uec,
727 2627 862 2707 neque,
879 2604 968 2700 uici,
985 2627 1065 2701 ocu,
1081 2605 1174 2699 caue,
1192 2606 1265 2680 ete.

499 2725 757 2831 Subjumtiou
774 2723 853 2807 sive
871 2726 1043 2825 ondita,
1065 2751 1148 2830 qua
1168 2724 1347 2824 subeunt,
1366 2731 1408 2804 ut
1429 2750 1516 2832 que,
1535 2724 2184 2834 ue,oe,quidcm,q1mqm,uutem,

449 2879 554 2953 uere,
572 2857 689 2932 euim.
1239 2917 1246 2934 .

505 2979 731 3058 Communes
756 2970 835 3058 sive
862 2975 1012 3077 medica,
1040 3000 1126 3081 quae
1147 2982 1186 3056 et
1210 2981 1380 3081 praeeunt
1408 2980 1448 3055 ct
1470 2974 1650 3074 subeunt,
1676 2981 1718 3054 ut
1744 3001 1846 3079 erqo,
1878 2978 2013 3081 iqitur,
2043 2981 2186 3087 doque,

451 3104 638 3212 equidem
654 3110 729 3184 etc.

492 3315 599 3382 ilinrm
612 3321 818 3399 estqoantum
828 3313 1017 3397 grammatici
1030 3313 1062 3378 in
1078 3315 1294 3395 conjunctione
1351 3311 1583 3394 conjunctiones
1600 3321 1772 3393 numerant,
1787 3332 1850 3380 nou
1867 3314 1997 3394 diseno,
2010 3318 2065 3382 sed
2082 3319 2192 3384 eadem

453 3415 756 3482 intersedisseutiant
761 3430 771 3492 ;
782 3413 933 3496 siquidem
940 3412 1174 3493 Diomedeald,
1183 3433 1216 3495 p.
1223 3415 1292 3490 199,
1351 3411 1572 3493 significatione
1581 3428 1593 3491 3
1608 3430 1680 3475 nam
1693 3413 1801 3477 eadem
1819 3432 1891 3493 vox,
1904 3412 2023 3480 diversa
2043 3415 2194 3498 signitica-

454 3522 486 3579 et
502 3516 647 3593 Donatus,
660 3512 735 3576 odit.
753 3511 791 3591 ll,
806 3531 839 3595 p.
861 3515 951 3590 1763,
970 3511 1056 3575 aium
1073 3511 1208 3594 quinque
1228 3529 1294 3575 esse
1351 3510 1443 3590 tione,
1462 3519 1494 3574 et
1512 3510 1690 3574 adverbium
1710 3517 1743 3575 et
1760 3514 1934 3592 conjunctio
1952 3533 2018 3579 eme
2030 3523 2142 3598 potest,
2159 3524 2195 3581 ut

453 3613 705 3697 conjunctionum
730 3611 868 3694 species,
890 3630 966 3694 quas
985 3609 1037 3674 alii
1062 3610 1296 3692 significationes
1351 3628 1457 3692 quare,
1481 3609 1687 3692 quuruolrem:
1713 3629 1783 3693 qua
1808 3611 1949 3676 adverbia
1972 3619 2044 3676 sunt
2068 3612 2196 3681 iotam

454 3719 584 3779 vocant:
605 3712 798 3794 contutatum,
813 3709 1018 3793 dttjonctiom,
1036 3711 1209 3792 captetiouo,
1228 3729 1295 3772 coo-
1352 3706 1452 3788 gaudi,
1475 3724 1548 3770 cum
1577 3707 1825 3791 interrogatioui3
1851 3710 2083 3792 coniunctiones
2108 3732 2194 3792 vero,

454 3811 540 3888 talu,
555 3810 726 3873 rationales.
745 3806 928 3886 Priscianus,
942 3807 963 3870 Ι.
978 3806 1058 3886 xvi,
1074 3826 1106 3890 p.
1125 3810 1216 3885 1995,
1231 3825 1296 3871 sex·
1352 3823 1425 3871 eum
1445 3806 1636 3873 conclusioni
1655 3806 1801 3872 serviunt.
1821 3807 1895 3881 Quae
1914 3829 1985 3873 cum
2003 3810 2046 3874 ito
2062 3809 2134 3890 sint,
2153 3831 2194 3875 ne

456 3908 576 3988 decim3
596 3906 734 3970 causales
747 3905 828 3968 enim
842 3905 875 3968 in
887 3905 1022 3988 quinque
1034 3901 1158 3985 formas,
1173 3905 1297 3988 Apollo
1353 3903 1391 3968 de
1403 3903 1511 3968 formis
1522 3904 1586 3968 sire
1597 3905 1755 3970 vocabulis
1774 3907 2026 3987 coniunctionum
2042 3908 2102 3972 sint
2113 3910 2196 3974 solli·

457 4006 542 4070 nium
560 4005 707 4084 imitatus,
720 4003 894 4068 distribuit:
915 4005 1139 4083 mntiuuativm,
1158 4004 1298 4068 rabcomt
1353 4001 1404 4065 citi
1424 4002 1477 4085 qui
1495 4003 1611 4067 tirones
1630 4004 1754 4084 docent,
1776 4003 1901 4088 quaudo
1924 4005 1982 4088 ipsi
1998 4006 2090 4070 etiam
2108 4025 2196 4089 cory-

456 4106 602 4184 ouutiuos,
628 4109 706 4185 ctc.;
726 4102 844 4167 eddidit
866 4102 959 4166 etiam
981 4103 1196 4186 approbatione,
1218 4123 1298 4185 proe-
1353 4100 1432 4184 phtei
1455 4101 1495 4164 de
1521 4100 1594 4184 ipsis
1613 4107 1772 4186 tantopere
1789 4103 1868 4166 iuter
1890 4121 1923 4166 so
1940 4102 2096 4168 dissident.
2119 4103 2197 4169 Satis

457 4205 629 4286 sumptious,
648 4207 680 4266 et
694 4203 769 4266 alias
786 4202 923 4284 ejusdem
941 4202 1071 4283 generis,
1086 4221 1172 4285 quas,
1189 4221 1229 4265 ne
1243 4200 1297 4264 tibi
1354 4198 1437 4263 enim
1450 4206 1496 4264 est
1507 4201 1756 4282 conjunctionem
1768 4201 2083 4268 communirocabulo
2097 4203 2197 4268 uomi-

457 4301 515 4366 aim
540 4301 679 4378 fastidio,
706 4300 835 4365 libenter
862 4299 1069 4382 praetermitto.
1104 4298 1299 4364 Recentiores
1354 4315 1440 4375 nare,
1451 4298 1606 4363 interdum
1615 4300 1706 4365 etiam
1715 4299 1906 4382 periculam.
1916 4299 2197 4384 Doceauturpotius

459 4400 551 4464 etiam
564 4398 734 4462 discretione
747 4405 779 4462 et
790 4399 968 4480 mperatum
985 4397 1206 4479 excogitarunt.
1221 4399 1299 4462 Prae-
1355 4397 1442 4479 pueri
1461 4417 1530 4480 qua
1548 4404 1695 4480 praeeat,
1713 4417 1782 4482 quae
1799 4398 1943 4481 subeant3
1957 4418 2029 4463 nam
2047 4407 2196 4465 bammu-

458 4505 544 4562 tereu
557 4496 687 4576 eedem,
701 4514 721 4559 a
736 4496 836 4575 variis,
855 4495 979 4560 diversis
1000 4495 1106 4560 formis
1124 4496 1299 4561 adscribun-
1354 4495 1468 4558 tatione
1491 4495 1691 4560 committitur
1714 4496 1911 4578 solaecismus,
1937 4505 2060 4564 aumore
2079 4497 2196 4572 Quinti

459 4604 510 4660 tur
514 4613 526 4677 3
538 4595 588 4658 alii
599 4595 681 4660 enim
693 4613 755 4672 uec,
771 4613 861 4678 nemu
872 4595 1071 4676 copulativae,
1082 4594 1132 4658 olii
1144 4595 1300 4677 disjuncti·
1354 4592 1474 4671 liauo,l.
1487 4593 1511 4672 1,
1523 4611 1552 4657 c.
1564 4598 1595 4674 o,
1607 4598 1658 4674 39,
1667 4601 1722 4659 ut:
1740 4618 1756 4657 ι
1768 4595 1883 4680 Ortoque
1894 4613 1952 4678 ego
1959 4614 1970 4677 ;
1981 4597 2058 4660 mun
2070 4595 2131 4662 boe
2141 4616 2196 4663 uo·

460 4713 512 4758 vas
529 4701 650 4759 vocant.
673 4693 855 4776 Ououqrtutrt,
875 4694 1017 4775 memori,
1032 4693 1158 4772 tametsi,
1176 4694 1298 4776 quidam
1355 4690 1428 4772 luit,
1442 4700 1539 4757 autem
1550 4711 1613 4756 non
1626 4693 1774 4757 habuit.»

460 4793 661 4857 adversativas
672 4791 837 4874 appellant,
853 4811 929 4875 quas
940 4791 1065 4869 Plinius,
1080 4799 1114 4855 ut
1127 4791 1170 4854 ait
1179 4791 1300 4858 Diome
1395 4789 1535 4854 Definitio
1553 4792 1775 4874 conjunctionis
1793 4811 1855 4875 qua
1868 4791 1915 4856 usi
1931 4811 2038 4857 sumus
2050 4791 2196 4857 Palaemo·
2311 4837 2315 4848 ·

462 4892 529 4969 des,
543 4891 565 4954 1.
581 4889 607 4968 i,
620 4909 653 4972 p.
668 4891 740 4969 uo,
755 4889 882 4954 illativas
897 4895 1004 4969 rocat3
1020 4890 1085 4972 ipse
1097 4908 1169 4955 vero
1178 4889 1300 4954 Diome
1355 4887 1403 4952 nie
1415 4894 1472 4966 est,
1489 4895 1525 4952 ut
1542 4889 1636 4955 refert
1649 4889 1824 4969 Diomedes,
1838 4891 1861 4954 1.
1873 4890 1899 4968 1,
1912 4908 1945 4973 p.
1961 4893 2032 4955 109.
2047 4891 2198 4974 copulati

462 4988 517 5054 des
529 4990 851 5073 quaquamqmmvu
866 4988 1030 5052 rationales
1045 4988 1108 5052 sive
1122 4989 1301 5054 ratiocinati·
1355 5003 1425 5048 vam
1447 4987 1582 5070 appellat
1603 4988 1727 5069 Gellius,
1744 4989 1767 5053 l.
1787 4988 1828 5066 X,
1848 5007 1877 5052 c.
1899 4991 1952 5067 29,
1975 4989 2195 5054 conuexivamt
2310 5013 2313 5020 ’

463 5106 515 5151 vas
533 5087 668 5152 nominat
674 5106 686 5169 ς
707 5088 772 5166 atri,
791 5088 916 5165 tametu',
937 5088 1074 5151 causales
1079 5104 1090 5167 3
1107 5089 1215 5170 ροιίιιι,
1231 5089 1299 5164 imo,
1360 5084 1501 5168 «Atque,
1521 5087 1633 5169 inquit,
1646 5087 1830 5170 particulas
1849 5087 2052 5168 grammaticis
2072 5088 2197 5171 quidem

464 5205 533 5270 qua
553 5205 644 5269 supra
661 5185 804 5250 adverbia
823 5186 953 5268 eligendi
966 5187 1193 5269 appellavimus.
1211 5186 1302 5250 docet
1356 5183 1531 5264 conjunctio
1544 5205 1610 5249 esse
1628 5186 1740 5250 dicitur
1760 5184 1945 5266 connexiva3
1967 5193 1998 5251 et
2013 5185 2198 5268 plerumque

464 5283 545 5348 idem
558 5285 697 5349 relativas
708 5284 748 5348 ad
761 5284 887 5366 aliquid,
905 5284 966 5348 sive
982 5285 1199 5368 comparativus
1212 5284 1302 5348 11)Ιί-
1356 5299 1430 5344 sanc
1449 5283 1609 5366 conjungit
1621 5285 1725 5363 verba,
1740 5291 1772 5348 et
1789 5286 1953 5349 connectit.
1967 5284 2029 5348 Sed
2042 5285 2198 5348 interdum

462 5382 514 5449 uio
523 5383 595 5448 dici.
604 5383 708 5467 ltaque
724 5382 774 5446 alii
786 5382 963 5448 adverbium
976 5384 1145 5462 nominant,
1158 5383 1208 5448 alii
1222 5383 1301 5448 iuter
1356 5381 1587 5464 aliasquasdam
1599 5383 1864 5467 potestateshabet
1873 5401 1937 5450 non
1946 5383 2018 5449 satis
2027 5389 2129 5462 notas,
2140 5381 2198 5449 nisi
