4678 6162
1112 523 1157 575 DE
1178 523 1316 576 ULTlMlS
1335 523 1511 576 SYLLABIS.

1156 831 1216 909 OS
1252 832 1306 911 IN
1342 832 1470 912 Fntn

500 1067 589 1144 504.
621 1064 667 1142 Oa
689 1061 799 1142 finita
821 1063 936 1170 longa
959 1069 1062 1164 sunt,
1088 1070 1131 1141 ut
1154 1073 1211 1161 aa,
1237 1067 1332 1160 orta,
1362 1065 1535 1164 Erectis,
1571 1064 1685 1162 Trea,
1716 1064 1859 1157 Minna,
1890 1066 2026 1163 lteris,
2052 1068 2160 1164 Aean,

446 1190 673 1292 Androqens,
688 1195 727 1268 et
741 1193 879 1266 caetera
890 1212 974 1291 quae
988 1213 1058 1290 per
1070 1228 1094 1266 ω
1112 1187 1343 1268 scribuntur.
1360 1189 1529 1290 Ovidius,
1544 1191 1700 1270 Metam.
1718 1191 1746 1287 1,
1763 1217 1801 1267 v.
1831 1190 1883 1268 85
1902 1221 1910 1268 :

841 1353 879 1416 Oa
890 1352 1007 1417 homini
1017 1353 1145 1417 sublime
1156 1354 1251 1432 dedit,
1263 1355 1436 1439 eoeiumque
1445 1358 1524 1421 tueri

839 1451 940 1529 lussit,
955 1457 987 1515 et
999 1455 1116 1515 erectos
1128 1452 1168 1516 ad
1179 1453 1278 1516 sidera
1290 1455 1398 1518 tollere
1412 1456 1525 1519 vultus.

446 1622 641 1728 Virgilius,
659 1624 750 1702 AEn.
766 1619 834 1718 Vi,
850 1649 886 1700 v.
908 1622 982 1701 126
998 1654 1006 1700 :

841 1781 915 1843 Trea
927 1782 1124 1860 Anchisiade,
1138 1784 1234 1849 facilia
1246 1787 1410 1850 descensus
1422 1786 1560 1849 Averno.

448 1945 564 2036 idem,
581 1945 672 2024 AEn.
688 1945 735 2042 ΙΙ,
751 1968 787 2020 v.
806 1942 884 2022 370
905 1974 914 2020 :

842 2101 961 2166 Primus
971 2121 1015 2180 se,
1031 2101 1170 2165 Danaum
1178 2103 1460 2184 magnaeomitante
1470 2111 1609 2182 caterva,

842 2201 1012 2284 Androgeos
1026 2203 1114 2264 offert
1125 2201 1226 2278 nobis,
1241 2201 1323 2266 socia
1337 2203 1459 2283 agmina
1472 2201 1601 2266 eredens
1614 2205 1673 2282 (t).

1192 2502 1456 2574 EXCEPTIO.

504 2677 658 2782 Corripe
672 2685 727 2770 ὄε,
742 2678 846 2774 osaea,
863 2684 1011 2782 compita
1028 2684 1066 2757 et
1079 2681 1213 2780 impete,
1230 2685 1267 2756 et
1285 2702 1408 2786 greca
1428 2684 1578 2776 neutra,
1593 2682 1635 2756 ut
1649 2677 1774 2770 citans,
1790 2675 1919 2770 melna,
1939 2673 2084 2776 Arqts.
2099 2670 2176 2748 Vir-

450 2800 579 2908 gilius,
596 2803 686 2880 AEn.
702 2799 767 2898 vl,
791 2825 828 2877 v.
848 2799 923 2878 265
945 2831 953 2879 :

848 2974 886 3037 Et
897 2976 1003 3055 Chatta,
1014 2983 1045 3040 et
1054 2977 1254 3060 Phlegethon,
1267 2979 1335 3042 loca
1347 2984 1437 3040 nocte
1454 2977 1585 3040 tacentia
1594 2977 1668 3040 late.

506 3159 601 3236 item
624 3182 666 3234 oa
687 3155 798 3237 finita
819 3183 904 3263 quae
926 3157 973 3236 ad
996 3157 1203 3256 secundam
1226 3157 1389 3238 latinam
1412 3157 1711 3238 declinationem
1736 3163 1950 3251 transeunt,
1975 3161 2016 3231 ut
2056 3151 2175 3254 Tyria,

452 3283 597 3380 Arateis,
613 3281 718 3361 Iliae.
736 3283 928 3382 LucanuS‚
944 3283 1076 3362 Phars.
1095 3285 1215 3383 111,v.
1234 3283 1309 3362 217
1329 3315 1337 3361 :

726 3549 730 3558 1
845 3465 885 3531 Et
899 3465 992 3550 Tyres
1002 3465 1158 3542 instabitis,
1169 3467 1362 3549 pretiosaque
1373 3466 1488 3530 muriae
1498 3465 1606 3530 Sidon.

453 3645 646 3743 Martialis,
658 3646 685 3725 l.
703 3645 768 3745 IX,
786 3643 907 3753 epigr.
923 3646 988 3745 85,
1006 3673 1043 3724 v.
1062 3646 1086 3724 6
1118 3677 1126 3723 :

850 3829 958 3892 Nescia
969 3847 1028 3892 nee
1039 3829 1134 3893 nostri
1147 3830 1281 3894 nominis
1295 3831 1400 3892 Aretes
1412 3837 1487 3893 erat.

512 4011 654 4092 Omnes
676 4008 841 4114 denique
862 4009 1122 4117 interrogandi
1146 4034 1269 4106 casus,
1296 4034 1319 4089 a
1340 4008 1645 4114 quibuscumque
1673 4007 1786 4088 rectis
1810 4005 2113 4111 proficiscantur,
2139 4000 2178 4074 ut

460 4135 641 4232 Arcades,
655 4135 852 4232 Palladia,
871 4131 1079 4238 Typhonis,
1099 4133 1272 4238 Tethyea,
1291 4132 1436 4212 Terens.
1457 4132 1628 4232 Ovidius,
1644 4132 1799 4212 Metam.
1822 4133 1850 4226 1,
1868 4157 1903 4207 v.
1923 4129 1998 4207 218
2018 4159 2025 4203 :

852 4318 983 4382 Arandis
996 4318 1067 4380 hine
1079 4319 1166 4383 sedes
1179 4327 1209 4382 et
1221 4318 1373 4400 inhospita
1384 4324 1464 4381 tecta
1477 4317 1596 4401 tyranni

853 4415 1022 4496 ingredior.

462 4588 627 4688 Ovidius,
642 4589 744 4668 Fast.
762 4589 828 4686 lV,
845 4613 882 4665 v.
899 4585 970 4665 491
1000 4617 1008 4664 :

855 4753 925 4816 Alta
933 4753 1016 4830 jacet
1026 4751 1100 4816 vesti
1114 4771 1207 4836 anper
1219 4770 1273 4819 ora
1286 4753 1433 4835 Typhoeos
1444 4753 1555 4815 AEtnae.

462 4921 656 5016 Lucanae,
673 4917 701 4996 Ι.
719 4920 749 5014 l,
764 4943 800 4993 v.
818 4917 922 4994 414:

859 5080 982 5164 Tethyn
996 5081 1079 5145 unda
1089 5101 1173 5164 vaga
1184 5081 1341 5145 lunaribus
1353 5087 1461 5144 aestuet
1475 5081 1566 5143 horis.

548 5360 610 5412 tide
624 5371 713 5425 supra,
725 5372 751 5410 n.
768 5359 822 5410 aaa.
