4646 6164
1126 493 1169 544 DE
1190 491 1329 546 unrlltts
1347 491 1523 544 slnnnnls.

1148 752 1400 823 EXCEPTIO
1433 752 1498 822 111.

509 933 642 1037 Longa
663 939 843 1034 praeterea
864 937 954 1008 sunt
967 934 1069 1031 scre,
1085 933 1226 1030 ferme,
1243 929 1326 1029 ohe,
1343 936 1380 1008 et
1394 927 1573 1010 adverbia
1592 954 1615 1008 a
1632 927 1855 1042 nominibus
1873 927 2051 1010 secunde
2064 929 2189 1010 decli-

456 1053 621 1133 nationis
642 1054 827 1158 prolecta,
849 1061 890 1132 ut
910 1055 1078 1158 placide,
1096 1053 1222 1152 valde,
1245 1057 1419 1151 manime,
1436 1063 1583 1132 summe
1591 1085 1602 1152 ,·
1615 1061 1750 1157 prater
1761 1054 1854 1133 bend
1869 1060 1908 1134 et
1927 1055 2040 1134 meld.
2068 1055 2187 1133 Juve-

457 1179 568 1278 nalis,
591 1186 662 1257 sat.
679 1180 745 1278 Vl,
760 1206 798 1257 v.
817 1180 893 1258 ala
910 1209 918 1256 :

848 1347 939 1411 Nulla
952 1348 1017 1427 sere
1031 1365 1122 1410 causa
1136 1353 1195 1424 est,
1208 1347 1239 1408 in
1251 1364 1313 1427 qua
1325 1363 1387 1408 non
1400 1344 1512 1408 lomina
1523 1345 1607 1406 litem

849 1445 985 1508 llorerit.

454 1605 574 1703 ldem,
590 1611 661 1684 sat.
679 1605 779 1703 Xlll,
796 1632 835 1684 v.
854 1605 930 1684 236
949 1636 958 1683 ε

791 1781 799 1802 ’
850 1790 967 1853 Mobilis
980 1795 1012 1852 et
1025 1789 1106 1851 varia
1119 1792 1164 1850 est
1172 1788 1266 1869 ferrae
1275 1794 1379 1852 natura
1390 1788 1552 1854 malorum.

454 1951 651 2050 Martialis,
669 1951 697 2029 l.
715 1950 779 2050 lV,
797 1948 919 2056 epigr.
938 1948 1001 2046 91,
1017 1976 1053 2026 v.
1076 1948 1091 2024 l
1114 1977 1123 2024 :

852 2132 928 2196 Oto!
940 2133 1004 2212 jam
1019 2131 1089 2194 selis
1101 2138 1159 2208 est,
1173 2131 1225 2194 olto
1236 2131 1348 2195 libelle.

428 2393 429 2398 .
454 2295 573 2393 ldem,
591 2295 618 2372 l.
637 2295 703 2394 ΙΧ,
718 2293 840 2401 epigr.
858 2295 921 2390 59,
940 2321 976 2372 ν.
996 2294 1018 2371 5
1039 2323 1047 2372 :

848 2477 960 2559 Excipe
973 2475 1119 2540 sollicitos
1131 2475 1255 2557 uacua
1268 2494 1337 2540 mea
1351 2477 1442 2558 dona,
1457 2480 1587 2548 libellos

456 2638 576 2738 ldem,
593 2639 621 2717 l.
640 2640 685 2739 ll,
703 2638 827 2746 epigr.
846 2641 884 2738 7,
902 2665 939 2716 v.
957 2639 980 2714 7
1002 2669 1009 2716 :

848 2830 898 2894 Nil
912 2831 981 2894 bend
994 2850 1064 2894 curn
1076 2831 1180 2911 lucius,
1195 2833 1268 2896 lacis
1278 2837 1411 2894 attamen
1422 2829 1525 2926 ornnia
1537 2827 1629 2890 belle.

453 2992 646 3084 Horatius,
666 2995 760 3072 Arte
773 2992 936 3096 poetica,
953 3020 990 3071 v.
1008 2995 1080 3071 111
1102 3024 1110 3071 :

850 3177 889 3240 Et
900 3179 978 3241 moll
991 3184 1128 3242 tornatos
1139 3178 1242 3242 incudi
1255 3178 1382 3241 reddere
1396 3195 1510 3242 versus.

1180 3441 1449 3516 APPENDlX.

505 3624 654 3722 Facile,
672 3623 789 3704 etiarn
805 3649 894 3703 curn
909 3631 966 3704 est
982 3625 1218 3724 adverbium,
1236 3625 1455 3730 corripitur3
1472 3651 1563 3705 narn
1577 3625 1763 3730 adjectiva
1782 3624 1901 3706 tertiae
1914 3625 2169 3706 declinationis

452 3775 541 3830 cum
565 3748 607 3826 in
631 3746 814 3827 adverbia
837 3756 1055 3848 transeunt,
1083 3750 1260 3830 ultimam
1288 3750 1432 3831 habent
1455 3750 1624 3850 brevem,
1652 3758 1692 3830 ul
1713 3751 1887 3848 antimo,
1906 3755 2035 3848 suave',
2058 3751 2169 3828 dulcc‘.

452 3870 652 3978 Virgilius,
669 3872 803 3979 Eclog.
822 3873 886 3971 ΙΧ,
905 3898 942 3950 v.
961 3872 1010 3951 29
1029 3903 1038 3951 :

445 4147 448 4152 ,
847 4055 1413 4122 cusantossuotimrlerentadsiden
1424 4057 1523 4138 cycni.

453 4215 573 4312 ldem,
591 4215 724 4323 Eclog.
742 4215 806 4314 lV,
823 4241 860 4293 r.
879 4215 929 4293 13
946 4248 954 4294 :

846 4399 919 4559 iim·
928 4402 983 4466 sed
995 4402 1026 4465 in
1039 4405 1131 4485 pratis
1144 4404 1221 4468 aries
1230 4406 1294 4485 jam
1305 4406 1393 4468 auool
1406 4406 1524 4469 rubenti

876 4518 979 4575 unce.¹

501 4721 585 4792 485.
608 4732 654 4796 Ile
669 4731 774 4812 grecis
792 4734 896 4814 prirnae
915 4734 1125 4802 declinationis
1143 4739 1226 4802 nulla
1247 4747 1295 4803 est
1353 4745 1449 4823 ldenr,
1465 4745 1487 4808 l.
1501 4743 1579 4822 Vlll,
1593 4745 1689 4827 epigr.
1706 4747 1756 4822 55,
1769 4763 1799 4807 v.
1816 4747 1853 4806 13
1870 4763 1878 4806 :

451 4831 664 4894 controversia.
691 4830 819 4908 Alcides,
838 4852 855 4894 o
872 4834 993 4913 Atella·
1019 4836 1120 4919 Libye,
1151 4837 1295 4920 Callope,

451 4927 604 5007 Penelope,
620 4935 651 4990 et
665 4927 812 5008 idgenus
832 4935 950 5008 caetera,
968 4930 1029 5009 hic,
1045 4952 1130 4997 more
1144 4953 1297 5015 pamma
1416 4954 1488 5006 nude
1499 4954 1561 5017 tun,
1574 4951 1661 5019 troya
1674 4959 1726 5005 cam
1738 4953 1798 5005 felix
1809 4953 1889 5018 glorta
1900 4953 1988 5004 stlrlst

451 5023 596 5101 ticorurn,
618 5042 764 5088 vocamus
784 5027 889 5108 prirnae
910 5027 1135 5110 declinationis,
1157 5031 1297 5114 quamvis

452 5121 491 5182 ad
502 5121 618 5184 nullam
629 5121 805 5187 latinorum
818 5132 969 5206 spectent,
984 5135 1017 5190 ut
1030 5129 1171 5194 suoloco
1180 5130 1294 5194 dictum
1354 5139 1434 5204 Elin
1448 5141 1588 5206 ablativo.
1602 5141 1751 5216 Lucanus,
1767 5139 1871 5203 Phars.
1883 5137 1961 5216 vlll,
1976 5155 2005 5199 v.
2021 5139 2078 5200 358
2093 5157 2100 5197 :

452 5223 507 5279 est.
522 5217 674 5297 llartialis,
689 5221 714 5283 l.
730 5220 784 5299 111,
799 5222 895 5304 epigr.
911 5227 963 5303 66,
978 5243 1007 5286 r.
1025 5230 1039 5287 l
1054 5245 1063 5288 ε

434 5367 437 5374 ⁴
493 5353 495 5360 ⁴
512 5349 696 5413 ranacario
706 5366 775 5408 nunc
786 5357 949 5422 maenae
961 5357 1079 5410 romu.
1415 5349 1545 5415 signaque
1558 5349 1591 5401 aa
1603 5345 1739 5414 separor
1753 5359 1812 5398 aum
1825 5344 1923 5398 unane
1935 5350 2009 5409 epu
2022 5347 2167 5408 manaen
