4680 6166
716 533 761 587 nn
791 535 1023 589 rnouoruanu
1051 536 1321 590 nacaruarroun.
1851 513 1897 590 15

175 667 281 732 Unum
306 672 446 750 superest
467 666 637 732 necessario
662 666 876 750 explicandum
893 686 901 732 :
922 686 994 751 pro·
1051 675 1132 748 tunt,
1148 690 1186 734 ex
1200 675 1263 734 tam
1276 669 1380 734 multis
1393 670 1557 752 selegimus
1565 689 1576 753 ;
1591 671 1702 754 quibus
1714 690 1806 736 nenio
1820 677 1901 735 rete-

21 792 24 817 ι
145 767 292 832 voeabula
314 767 408 832 etiam
428 765 692 849 pronominibus,
715 765 775 830 boe
796 772 860 846 est,
883 785 994 849 prono·
1052 789 1133 848 rum,
1155 788 1233 852 quos
1247 769 1373 852 quidem
1394 770 1532 850 viderim,
1548 776 1648 834 oertas
1661 769 1902 834 declinationum

144 865 219 930 mina
233 865 368 945 infinita,
383 865 505 948 utquis,
530 884 608 948 pace,
622 863 718 948 qaod,
735 863 828 928 etiam
849 883 907 946 pro
921 883 994 947 pro·
1053 867 1167 934 formas
1192 868 1340 947 attribuit,
1365 875 1474 950 praeter
1497 887 1595 932 unum
1617 868 1821 947 Priscianum,
1837 867 1903 951 qui,

143 966 209 1048 priis
221 966 412 1044 nominibus,
429 964 501 1029 lieet
520 965 658 1043 confuse,
682 983 772 1047 posse
790 964 874 1046 poni.
890 965 995 1028 Cicero
1054 967 1075 1028 l.
1090 966 1173 1044 Xlll,
1195 986 1226 1049 p.
1243 969 1319 1045 955,
1346 968 1437 1040 eain
1452 973 1582 1050 quatuor
1604 967 1718 1031 lormas
1740 965 1902 1030 distribuit.

144 1066 179 1128 ad
191 1064 347 1143 Atticum,
361 1064 384 1126 l.
404 1063 457 1144 lll,
473 1083 523 1147 ep.
540 1066 587 1140 12,
603 1066 622 1126 6
638 1084 647 1128 :
665 1064 770 1128 «Volo
784 1064 876 1127 etiam
890 1064 996 1146 exqui-
1054 1063 1114 1126 Sed
1126 1083 1182 1127 aur
1195 1064 1271 1127 certi
1282 1064 1327 1128 eis
1335 1065 1544 1128 adscribantur
1551 1064 1685 1143 ordines,
1696 1083 1769 1128 oum
1784 1063 1903 1146 singula

23 1224 24 1231 ,
144 1181 298 1246 nsquam
320 1161 551 1244 diligentissime
564 1161 693 1243 poteris,
707 1180 784 1225 num
798 1180 892 1244 quem
906 1181 997 1226 aeon·
1055 1163 1180 1244 singulis
1204 1169 1346 1226 constent
1367 1164 1539 1228 vocabulis?
1563 1163 1680 1228 Deinde
1705 1183 1777 1227 cunr
1799 1161 1907 1226 ultima

23 1256 25 1273 ”
146 1268 221 1340 sent,
235 1279 315 1325 num
328 1260 379 1324 oui
400 1266 614 1324 succenseant.
637 1259 717 1334 Quid
730 1260 820 1336 dieo,
834 1278 911 1324 num
925 1260 997 1324 oui‘t
1056 1260 1143 1324 litera
1162 1260 1210 1324 ael
1235 1261 1349 1343 syllaba
1367 1263 1490 1343 genitivi
1504 1263 1577 1326 alias
1596 1261 1711 1326 lormas
1731 1261 1770 1325 ab
1783 1261 1848 1324 aliis
1859 1279 1907 1324 se-

147 1379 215 1424 num
229 1359 381 1442 Pompeio
394 1363 408 1420 t
421 1382 437 1419 a
452 1355 544 1423 Vides
558 1364 594 1421 ut
606 1358 850 1440 provocabulum
869 1359 932 1436 oni,
953 1357 999 1420 in·
1057 1366 1161 1441 paret,
1181 1379 1243 1442 qua
1263 1360 1379 1424 ratione
1402 1361 1459 1423 tria
1478 1360 1628 1443 primitiva
1649 1360 1723 1439 mei,
1748 1361 1808 1437 tui,
1831 1360 1879 1422 sai
1890 1379 1908 1422 a

148 1463 276 1541 terprete
299 1458 410 1522 eodem
439 1456 605 1535 Cicerone,
635 1464 768 1540 ponatur
788 1475 844 1538 pro
872 1456 998 1520 nomine
1062 1458 1233 1521 derivativis
1269 1459 1501 1541 separabimust
1531 1459 1707 1538 Postremo,
1739 1478 1812 1522 cnm
1841 1458 1909 1521 haeo

50 1583 57 1606 ·
148 1557 317 1640 Pompeio?
330 1556 463 1631 Quidam
480 1557 666 1621 recentiores
676 1555 882 1639 provocabula
896 1555 1000 1637 appel·
1026 1509 1030 1610 i
1059 1555 1300 1620 declinationum
1335 1557 1489 1621 distinctio
1520 1559 1638 1622 nullam
1669 1557 1776 1621 afferat
1807 1555 1910 1640 pueris

149 1656 338 1739 lantquaeris
352 1655 543 1739 pronomina.
1026 1611 1031 1698 i
1061 1654 1245 1733 utilitatem,
1278 1673 1339 1719 non
1375 1656 1462 1720 video
1489 1677 1545 1720 our
1572 1655 1770 1720 multitudine
1798 1673 1910 1738 praeoe-

185 1755 275 1830 Quod
289 1756 329 1818 ad
345 1773 511 1818 numerum
524 1753 744 1837 pronominum
758 1753 878 1832 attinet,
894 1752 956 1831 alii,
968 1760 1003 1815 nt
1061 1761 1184 1835 ptorum
1199 1754 1259 1816 sint
1273 1754 1433 1818 obruendi.
1455 1756 1554 1828 Quare
1574 1775 1659 1820 more
1680 1761 1819 1820 veterum
1840 1756 1911 1817 sim·

150 1873 237 1936 supra
249 1853 395 1929 diximus,
407 1871 505 1916 uuum
515 1858 547 1916 et
559 1851 665 1934 viginti
671 1869 682 1932 3
697 1852 747 1915 alii
759 1852 857 1934 pluro,
869 1850 919 1914 alii
929 1869 1003 1932 pau-
1062 1852 1181 1934 pliciter
1208 1871 1244 1916 ea
1271 1853 1509 1933 declinabimus,
1542 1853 1626 1918 nulla
1653 1853 1736 1917 laeta
1768 1852 1911 1917 ordinum

149 1953 227 2016 ciera
239 1957 412 2035 posuerunt
420 1969 431 2032 ;
447 1970 517 2032 nos,
530 1971 600 2034 quae
612 1950 752 2034 plerique
766 1967 875 2014 omnes
896 1947 1005 2012 admit-
1063 1951 1232 2016 mentione.

305 2235 379 2326 DE
412 2231 811 2326 PRONOMINUM
844 2233 1286 2328 PRIMITIVORUM
1320 2232 1754 2328 DECLINATIONE

207 2475 268 2552 13.
300 2473 393 2568 Eoo,
418 2495 634 2574 pronomen
651 2494 825 2574 personae
841 2466 989 2573 primae,
1006 2467 1160 2550 numeri
1175 2468 1397 2577 singularis,
1414 2470 1470 2550 sio
1485 2469 1741 2552 declinabitur
1760 2501 1769 2550 t

464 2620 683 2702 Stnpatariter.
1398 2621 1581 2686 Plurola'tor.

153 2749 273 2840 Nom,
385 2759 481 2866 Ego.
1064 2756 1183 2837 Nom.
1295 2759 1385 2838 Nos.
1597 2863 1600 2870 ι

154 2885 245 2966 Gen.
384 2882 471 2963 Mei.
1067 2881 1160 2962 Gen.
1294 2884 1476 2963 Nostrum
1491 2885 1553 2963 ool
1568 2879 1701 2962 nostri.

153 3011 242 3092 Dat.
385 3007 477 3087 Mihi
491 3009 553 3087 ael
567 3005 635 3086 mi.
1066 3005 1157 3086 Dat.
1297 3007 1429 3089 Nobis.

151 3141 240 3217 Aac.
384 3135 457 3214 Me.
1068 3132 1156 3210 Aoo.
1296 3135 1387 3215 Nos

151 3263 234 3342 ΑΜ.
335 3287 358 3338 a
387 3261 460 3339 Me.
1069 3257 1166 3334 Abl-
1246 3283 1268 3336 a
1295 3258 1429 3339 Nobis

201 3413 278 3515 Tu,
297 3437 514 3520 pronomen
530 3435 704 3516 personae
719 3405 910 3507 secundae,
928 3405 1082 3488 numeri
1097 3407 1318 3517 singularis,
1336 3410 1389 3492 sie
1403 3409 1681 3493 declinabitur:

471 3561 688 3644 scopatartter.
1399 3563 1579 3628 Plarala'ter.

147 3703 272 3786 Nom.
392 3701 464 3782 Τιι.
1072 3695 1190 3777 Nom.
1302 3697 1393 3779 Vos.

147 3830 245 3910 Gen.
390 3825 474 3906 Tui.
1074 3821 1166 3904 Gen.
1299 3826 1480 3907 Vestrum
1495 3827 1558 3905 vel
1568 3823 1696 3908 vestri.

144 3957 238 4038 Dat.
392 3950 494 4030 Tibi.
1074 3947 1164 4028 Dat.
1301 3950 1433 4030 Vobis.

143 4083 234 4164 Aac.
391 4077 458 4157 Te.
1032 4151 1037 4166 ,
1074 4075 1163 4151 Aoo.
1301 4076 1393 4156 Vos.

148 4208 239 4289 Voc.
341 4203 464 4282 oTu.
1086 4197 1170 4275 Vno.
1248 4201 1389 4280 oVos.

141 4335 227 4414 Abl.
338 4355 366 4408 a
392 4328 458 4407 Te.
1076 4323 1158 4401 Abl.
1253 4351 1276 4403 a
1302 4325 1434 4406 Vobis

179 4485 418 4571 interrogandi
444 4503 533 4549 casus
558 4483 612 4544 mis
639 4485 671 4544 et
697 4479 735 4541 tia
768 4477 909 4541 consulto
943 4477 1018 4541 omi·
1077 4478 1194 4544 Probus
1211 4489 1242 4544 et
1262 4481 1437 4561 Diomedes,
1458 4481 1552 4546 ullam
1572 4480 1760 4544 mentionem
1773 4478 1924 4544 fecerunta

136 4593 251 4670 simus,
274 4603 428 4673 quorum
449 4599 550 4664 neque
571 4576 840 4660 grammaticorum
865 4591 1017 4656 proceres,

189 4723 279 4818 Sor,
300 4735 535 4822 pronomen
552 4730 726 4814 personae
741 4699 875 4800 tertiae,
895 4701 1048 4783 numeri
1063 4705 1276 4811 utriusque,
1294 4705 1347 4786 sie
1362 4704 1648 4787 declinabitur:

438 4879 570 4942 Numero
588 4871 749 4956 sinoalori.
1359 4857 1490 4921 Numam
1508 4855 1635 4940 plarob'.

130 5015 230 5098 Gen.
396 5003 482 5086 Sui.
1080 4984 1172 5067 Gen.
1305 4986 1387 5069 Sui.

128 5141 224 5222 Dat.
398 5127 499 5211 Sibi.
695 5209 700 5230 ¹
1078 5112 1169 5193 Dat.
1307 5110 1401 5194 Sibi.

126 5271 218 5348 Ace.
393 5256 466 5337 Se.
1080 5241 1168 5320 Aoo.
1308 5237 1371 5320 Se.

126 5395 212 5476 Adi.
328 5415 358 5468 a
395 5383 470 5464 Se.
1052 5367 1163 5470 ,att
1258 5361 1372 5442 aSe.
