4630 6164
185 906 718 1040 CONSTRUCTIO
771 905 1237 1036 TRANSITIVA
1294 907 1754 1038 PRONOMINIS

818 1300 1127 1308 ..α-..-

311 1545 605 1628 GENlTiVUS
641 1544 774 1625 POST
809 1542 1279 1624 DEMONSTRATIVA
1312 1547 1634 1628 PRONOMINA
1734 1647 1738 1657 ἱ

156 1822 243 1900 372.
277 1819 511 1900 Pronomina
538 1816 853 1917 demonstrativa,
885 1846 974 1901 cum
1002 1823 1238 1903 substantive
1264 1833 1480 1929 ponuntur,
1513 1825 1682 1931 patrium
1712 1853 1845 1907 casum

107 1944 323 2026 admittunt.

155 2071 284 2151 Cicero
300 2070 347 2150 ad
362 2069 537 2167 Caelium,
553 2071 681 2169 Fam,
699 2068 726 2146 l.
744 2071 791 2169 ll,
809 2095 874 2174 ep.
895 2071 934 2168 8,
955 2070 978 2147 3
1006 2100 1013 2148 :
1039 2102 1059 2144 «
1080 2071 1162 2150 Hoc
1176 2071 1223 2151 ad
1239 2081 1273 2151 te
1289 2074 1489 2152 literarum
1503 2074 1605 2153 dedi.
1623 2108 1643 2148 »
1663 2076 1784 2175 Idem,
1802 2079 1848 2157 de

108 2198 220 2294 Orat,
238 2196 265 2274 Ι.
285 2196 335 2294 n,
351 2221 387 2275 c.
412 2194 477 2291 90,
503 2193 580 2272 367
604 2224 612 2272 :
641 2224 661 2266 α
684 2192 874 2287 Quoniam
899 2195 942 2272 id
961 2200 1145 2299 temporis
1167 2203 1242 2292 esi,
1269 2195 1504 2304 surgendum
1530 2223 1723 2278 censeo.»
1742 2200 1847 2279 idem

109 2321 246 2420 Attico,
262 2320 291 2398 1.
309 2321 340 2418 1,
355 2344 418 2423 ep.
438 2318 500 2417 13,
520 2319 541 2395 5
559 2349 568 2395 :
592 2349 613 2391 a
625 2319 701 2397 Res
715 2318 845 2397 eodem
858 2324 913 2396 est
925 2320 1089 2423 locique
1101 2318 1300 2424 reliquisti.
1318 2352 1338 2393 »

144 2533 320 2596 Distuiimns
341 2531 560 2615 pronominum
581 2531 730 2614 syntaxim
750 2531 781 2592 in
798 2530 881 2592 hunc
906 2531 951 2594 lo·
1005 2539 1130 2613 repente
1152 2531 1318 2595 solitudinis
1346 2538 1448 2594 erat.»
1478 2532 1574 2612 Idem,
1595 2535 1616 2597 l.
1633 2534 1715 2612 Xtil,
1730 2555 1758 2599 c.
1783 2539 1818 2597 it
1843 2557 1851 2598 :

108 2649 184 2708 cum,
203 2636 270 2692 tum
294 2629 366 2712 qnia
385 2629 450 2692 sine
474 2628 603 2692 otiorum
625 2628 758 2711 partium
780 2627 952 2707 cognitione
1011 2652 1026 2688 a
1038 2629 1103 2691 Nec
1113 2628 1146 2690 id
1155 2629 1245 2692 nobis
1254 2630 1365 2692 uirium
1379 2637 1453 2692 erat.
1471 2653 1485 2689 r
1503 2631 1635 2707 idem,l.
1646 2632 1729 2709 XIV,
1743 2653 1771 2696 c.
1785 2637 1824 2697 52
1844 2659 1850 2696 :

108 2744 162 2788 uon
177 2724 265 2790 facile
284 2725 468 2808 percipitur3
492 2732 560 2789 tum
575 2725 726 2807 praecipue
739 2730 862 2805 propter
875 2725 954 2787 reci·
1009 2725 1103 2790 «Neo
1115 2725 1204 2789 bonis
1216 2726 1331 2789 artibus
1344 2726 1421 2790 idem
1435 2729 1544 2791 uirium
1562 2736 1638 2793 erat.
1654 2751 1669 2788 r
1683 2765 1725 2778 -
1737 2727 1851 2793 Eodem

108 2825 188 2904 proci
201 2823 432 2885 obscuritatem.
1007 2827 1064 2887 ioci
1077 2843 1125 2887 res
1145 2830 1210 2887 est:
1225 2823 1275 2887 hio
1288 2823 1385 2886 eodem
1404 2844 1466 2887 non
1489 2833 1534 2890 est
1556 2827 1753 2905 adverbium,
1779 2847 1850 2892 cum

145 2919 209 2982 linc
221 2925 380 3001 spectant:
396 2919 448 2981 doc
461 2918 616 2996 commodi,
627 2920 708 2996 novi,
720 2919 824 2996 emat,
845 2927 955 2998 tempo·
1005 2924 1151 3003 J'ungatur
1163 2941 1235 2984 eum
1248 2921 1341 2985 verbo
1355 2923 1476 3004 quietis,
1498 2933 1550 2986 cst.
1565 2923 1596 2986 Si
1611 2925 1695 2988 dicas
1709 2944 1717 2989 :
1733 2925 1847 2989 Endon

108 3020 158 3094 ris,
171 3017 330 3080 ir'dertotr's.
345 3017 463 3094 Cicero,
474 3018 589 3095 Att.,l.
603 3016 657 3089 xl,
672 3036 722 3098 ep.
735 3020 767 3091 7,
783 3019 822 3078 6:
842 3015 954 3078 «Tan-
1008 3021 1065 3082 Ioci
1088 3019 1243 3101 proiectus
1270 3026 1326 3098 est,
1361 3021 1537 3085 adverbium
1572 3023 1638 3086 erit.
1675 3023 1844 3100 Terentius,

107 3116 246 3180 tumride
255 3134 295 3178 ne
304 3115 357 3178 irco
365 3116 502 3196 temporo
514 3114 569 3177 tibi
578 3115 686 3178 obesse
696 3113 810 3196 aliquid
820 3113 949 3196 possita
1009 3116 1115 3181 Heaut.
1131 3123 1191 3181 act.
1206 3116 1230 3195 l,
1245 3136 1288 3180 so.
1305 3124 1335 3194 t,
1351 3139 1380 3180 v.
1398 3123 1456 3182 ΗΟ
1473 3139 1480 3182 :

107 3213 220 3276 immid
239 3214 348 3291 etaim,
362 3213 542 3291 solitudinis,
556 3213 678 3276 virium.
693 3212 779 3274 idem
788 3211 953 3287 Thorium,
980 3202 982 3241 ⁵

107 3309 303 3388 ram.,1.v1‚
319 3329 370 3391 ep.
394 3315 445 3387 20,
462 3314 502 3374 3:
519 3310 747 3386 «turnicius,
767 3315 799 3372 et
810 3308 843 3370 id
857 3309 954 3374 aetatis
980 3282 982 3358 i
1072 3294 1311 3359 ³⁸⁰³⁸T¹¹⁶oe¹a⁸⁶⁸
1321 3308 1372 3346 ⁰⁰¹¹
1384 3297 1577 3360 'mmmm
1591 3299 1695 3348 damur.

105 3410 164 3487 jam
176 3427 320 3472 sumus.»
345 3407 480 3485 Tacitus,
499 3406 728 3483 Annal.,l.X1.
751 3425 779 3469 c.
803 3407 863 3469 32:
888 3406 954 3467 old
979 3361 983 3484 i

835 3648 1109 3720 APPENDIX.

160 3822 251 3900 373.
283 3823 502 3900 Pronomen
527 3820 633 3898 Idem
666 3843 755 3897 cum
788 3815 915 3895 dativo
944 3815 1045 3920 apud
1068 3822 1196 3920 poetas
1223 3814 1424 3920 reperitur.
1463 3814 1644 3893 Horatius
1680 3814 1722 3892 in
1756 3817 1853 3893 Arte

108 3947 269 4050 poetica,
293 3972 330 4024 v.
349 3945 451 4024 467:

504 4083 636 4146 lnvitum
649 4082 703 4164 qui
716 4087 828 4159 servat,
841 4080 918 4143 idem
930 4079 1002 4141 iacit
1014 4078 1164 4141 oeciderdi.

157 4259 338 4342 Oratores
359 4231 527 4338 rero'sic
552 4257 765 4361 loquuntur
791 4287 800 4334 ε
825 4254 974 4350 Cicero,
997 4253 1045 4333 de
1068 4252 1196 4349 Oisia,
1221 4253 1249 4330 l.
1274 4253 1337 4352 ΙΙΙ,
1359 4277 1393 4331 c.
1416 4252 1455 4350 4,
1475 4251 1553 4330 2οι
1576 4249 1857 4357 «Peripatetici

108 4383 302 4486 quondam
328 4384 446 4461 iidem
470 4389 596 4478 erant,
625 4383 694 4487 qui
712 4378 935 4460 Academici
963 4375 1035 4484 (i).
1060 4409 1081 4452 u
1105 4376 1162 4456 Ex
1182 4375 1333 4473 eodem,
1358 4373 1397 4453 in
1418 4376 1590 4474 Oratore,
1612 4401 1647 4454 c.
1667 4375 1732 4474 56,
1753 4374 1854 4452 190:

112 4506 211 4587 «Sit
236 4505 354 4615 igitur
374 4506 448 4587 hoc
472 4502 738 4612 cognitum...
766 4528 950 4584 numeros
972 4504 1124 4581 eosdem
1147 4525 1228 4581 esse
1253 4499 1450 4599 oratorios,
1473 4503 1543 4604 qui
1559 4498 1636 4578 sint
1656 4497 1811 4604 poetici.
1833 4531 1853 4572 »

108 4631 227 4730 idem,
253 4632 301 4712 de
326 4631 414 4711 Nat.
443 4630 567 4729 deor,
585 4630 614 4707 l.
636 4632 683 4728 11,
704 4654 740 4709 c.
763 4627 828 4726 27,
852 4627 902 4705 68
929 4659 937 4704 :
966 4625 1171 4705 «Dianam
1195 4631 1324 4704 autern
1349 4631 1388 4704 et
1411 4626 1562 4703 Lunam
1586 4625 1759 4703 eamdem
1778 4627 1858 4702 esse

107 4763 258 4860 putant.
276 4789 297 4828 »

146 4951 317 5028 Lueretius,
331 4949 354 5013 l.
365 4948 416 5028 111,
428 4969 460 5012 r.
476 4951 578 5012 totto:
1015 4945 1111 5009 Video
1121 4944 1234 5009 multos
1242 4946 1282 5008 ita
1291 4945 1394 5027 loqui:
1405 4943 1596 5026 Peripatetici
1605 4943 1759 5024 quondam
1772 4941 1859 5004 intimi

313 5135 427 5152 .....
443 5099 776 5162 Quommmflmm
984 5113 989 5298 Ι
1015 5043 1142 5107 ruerunt
1166 5063 1230 5106 cum
1255 5043 1452 5119 Academia,-
1476 5041 1600 5105 Numeri
1622 5039 1747 5104 oratorii
1770 5039 1859 5102 iidem

167 5181 275 5246 δαμῇ
290 5181 388 5246 potitus
401 5179 492 5232 sudem
506 5178 569 5231 otiis
586 5179 672 5245 sopito
682 5178 785 5243 ’quiete
798 5184 848 5230 ert.

106 5349 954 5363 ...-.......-.........-............
1015 5341 1155 5406 ripatetlcts
1169 5340 1272 5402 restris,
1285 5341 1331 5404 qui
1344 5339 1475 5404 quondam
1494 5338 1573 5389 iidem
1589 5344 1673 5389 erant.
1686 5355 1700 5386 u
1715 5337 1791 5389 Notat
1800 5351 1860 5389 vcro

137 5425 174 5486 (t)
192 5421 306 5476 Oretum
316 5427 344 5474 et
351 5421 472 5474 Teubner
484 5433 491 5473 :
501 5419 660 5474 «temnens
668 5421 828 5474 Academicis
838 5429 865 5473 ct
878 5434 894 5472 a
907 5419 959 5473 Pe·
1015 5421 1125 5474 omnim
1133 5420 1199 5472 alios
1210 5419 1306 5486 legisse
1317 5433 1349 5470 :a
1364 5419 1445 5472 iidem
1457 5425 1531 5472 erant
1543 5418 1591 5486 qui
1603 5417 1760 5469 Academici.
1775 5434 1789 5465 s

1661 5519 1701 5580 dd
