4678 6162
503 581 578 661 518
1186 610 1230 662 nu
1250 610 1373 662 vsaers
1394 607 1565 662 raarrcrs.
1595 647 1598 654 Δ

499 742 699 852 Virgilius
716 746 853 854 Georg.
871 748 900 844 l,
917 772 954 824 v.
973 744 1043 823 ttl
1062 775 1070 824 ε

897 923 975 1002 ane
988 936 1554 1002 tiatsoaentraaetaausoonaanm.

500 1107 629 1206 Silius,
648 1109 675 1188 l.
695 1109 795 1208 XVl,
811 1136 847 1188 v.
869 1108 965 1186 137:

890 1300 1009 1383 Vixque
1023 1301 1232 1364 Atlantiadum
1244 1299 1436 1364 rubefecerat
1449 1315 1501 1362 ora
1515 1315 1665 1376 sororum.

1190 1595 1448 1669 APPENDlX
1487 1596 1538 1664 ll.

549 1786 754 1868 Feminina
771 1813 856 1892 quae
876 1813 898 1868 a
915 1783 1137 1866 masculinis
1151 1782 1251 1862 fiunt
1266 1778 1482 1887 penultima
1496 1778 1613 1886 langa
1630 1778 1671 1860 iu
1689 1783 1742 1862 eia
1758 1777 1953 1875 desinunt,
1976 1779 2100 1860 soluta
2119 1777 2220 1882 diph-

497 1911 640 2020 thongo
653 1918 770 2018 atque
785 1938 805 1992 e
820 1910 924 1991 brevi
938 1910 980 1990 in
999 1910 1158 2016 longum
1173 1932 1297 2006 verso,
1314 1913 1381 1987 ut:
1402 1904 1583 2004 AEnades,
1606 1909 1752 2004 AEnt'rls,
1777 1901 1982 2002 Enetum,-
2004 1903 2216 1998 Acidinum,

494 2038 685 2117 Achilleis.
702 2038 948 2136 Achilleidos,
964 2035 1168 2133 Thessales,
1188 2032 1353 2132 Theseis,
1375 2033 1584 2114 Thesea'dos.
1601 2031 1772 2130 Ovidius,
1789 2030 1902 2111 Trisl.
1919 2030 1963 2124 ll,
1978 2055 2016 2106 v.
2035 2027 2110 2107 533
2126 2057 2134 2106 ι

890 2237 928 2302 Et
940 2243 1044 2300 tamen
1059 2236 1110 2300 iile
1123 2241 1184 2300 tun
1196 2235 1269 2299 felix
1283 2234 1432 2298 AEatidnr
1445 2241 1564 2302 auctor.

495 2359 1056 2506 sanus‚m'ea.xu,v.am2

888 2599 972 2680 Viva,
988 2618 1096 2684 precor
1101 2617 1112 2682 3
1129 2617 1188 2664 nee
1198 2605 1233 2663 tu
1247 2598 1380 2664 divinam
1393 2597 1529 2663 AEneida
1544 2601 1636 2661 tenta.

492 2771 699 2872 luvenalis,
718 2772 795 2852 Sat.
815 2774 844 2872 l,
861 2797 899 2850 v.
921 2772 936 2848 l
957 2801 965 2850 ε

888 2963 1015 3044 Semper
1029 2979 1087 3042 ego
1100 2959 1221 3024 auditor
1233 2964 1373 3024 tantumt
1387 2977 1586 3043 nunquamne
1599 2975 1744 3042 reponam

887 3061 1022 3125 Vexatus
1034 3060 1123 3124 toties
1136 3059 1220 3124 rauci
1237 3057 1373 3122 tanate
1386 3057 1476 3123 Codri
1487 3064 1500 3124 l

1225 3355 1497 3428 EXCEPTlO.

546 3526 833 3631 Nonnunquam
849 3524 1064 3631 penultima
1079 3532 1209 3604 manet
1223 3523 1361 3605 brevis.
1379 3522 1550 3622 Ovidius,
1566 3523 1677 3602 Pent.
1697 3525 1759 3622 lll,
1776 3550 1837 3630 ep.
1856 3524 1895 3624 l,
1914 3549 1950 3601 v.
1969 3520 2018 3600 83
2037 3553 2045 3601 :

887 3713 946 3775 lies
959 3729 1084 3794 quoque
1097 3716 1182 3774 tanta
1194 3709 1263 3787 luit,
1278 3715 1399 3792 quauta
1412 3708 1575 3772 subsistere
1587 3727 1709 3772 summo

927 3809 1075 3876 AEnea⁹dar
1089 3813 1129 3890 (t)
1143 3809 1202 3872 vati
1214 3808 1328 3889 grande
1342 3807 1448 3872 luisset
1462 3826 1550 3872 onus.

1149 4166 1490 4247 rumuurruu
1529 4167 1582 4244 u.

548 4421 638 4500 553.
669 4421 730 4502 Ne
752 4420 863 4500 finita
881 4448 902 4500 a
921 4421 1088 4528 genitivo
1103 4423 1202 4502 fiunt
1220 4422 1348 4502 addila
1366 4450 1413 4502 ne
1431 4421 1593 4529 syllaba,
1612 4422 1830 4528 penultima
1843 4422 1974 4528 longa,
1992 4431 2061 4500 ut:
2083 4420 2225 4524 Neptu·

493 4573 578 4645 aas,
600 4545 785 4650 Neptuni,
809 4547 1047 4651 Neptantne;
1067 4546 1120 4628 sie
1138 4550 1354 4648 Adrmttne,
1375 4550 1533 4646 Nerine,
1554 4572 1576 4627 a
1594 4547 1771 4655 genitivis
1786 4548 1956 4646 Adrasti,
1976 4545 2108 4642 Nerei,
2126 4571 2144 4623 e
2161 4551 2198 4623 et
2213 4546 2228 4617 i
2311 4543 2312 4590 l

494 4670 650 4751 mutatis
670 4670 711 4750 in
727 4676 744 4750 a'
758 4672 932 4779 longum.
950 4673 1059 4769 Quod
1078 4674 1108 4752 si
1127 4672 1401 4782 primigenium
1422 4679 1439 4752 i
1454 4681 1543 4752 aute
1566 4699 1607 4751 aa
1622 4673 1777 4773 habeat,
1794 4671 2011 4753 mutabitur
2029 4697 2068 4750 os
2084 4670 2123 4748 iu
2146 4680 2222 4757 ane,

495 4794 707 4900 penultima
731 4797 929 4902 producta,
951 4806 995 4876 ut
1017 4829 1025 4876 :
1050 4803 1232 4895 Aera'sa'as,
1264 4809 1444 4908 inpletam,
1466 4800 1674 4893 aerarum,
1705 4800 1851 4898 Danae,
1877 4794 2016 4878 Acrisii
2038 4795 2125 4874 lilia.
2157 4793 2219 4874 Ca·

496 4919 624 5020 tullus,
646 4946 765 5003 earm.
784 4923 917 5020 LXlV,
934 4949 971 5001 v.
991 4923 1040 5003 28
1060 4955 1068 5003 :

764 5088 772 5103 '
889 5091 981 5170 Tene,
996 5090 1099 5156 Thetis
1112 5094 1213 5158 tenuit
1225 5093 1430 5177 pulcherrima
1443 5092 1635 5176 Neptuniae?

524 5389 560 5454 (tl
577 5389 639 5444 Post
655 5391 786 5443 fletnstum
802 5395 917 5445 scribunt
937 5394 1053 5458 iliadem
1069 5402 1146 5461 atque
1160 5395 1198 5446 illi
1215 5355 1261 5446 eur
1273 5396 1424 5448 mutandum
1449 5396 1492 5460 sit,
1512 5403 1663 5461 argumenta
1686 5403 1725 5448 est
1746 5396 1814 5460 quod
1834 5397 2035 5460 emruperetur
2052 5403 2141 5448 eoru-a
2163 5405 2230 5443 enu-

493 5483 597 5524 muuem
610 5484 695 5524 usum.
711 5473 830 5524 Teubner
842 5481 928 5525 tamen
945 5477 1056 5526 servavit
1070 5474 1201 5526 AEnaidos.
1576 5503 1580 5510 ·
