4678 6162
742 956 866 1096 DE
915 952 1240 1098 VERSU

174 1346 265 1426 aar.
306 1345 440 1426 Versus
453 1353 512 1428 est
525 1345 647 1428 oratic
661 1353 767 1428 certo
782 1369 939 1454 genere,
958 1367 1119 1425 numero
1133 1350 1248 1449 atque
1262 1345 1396 1428 ordine
1411 1346 1552 1452 pedum
1567 1345 1737 1455 alligata.

417 1669 642 1754 GARMEN
683 1669 1069 1750 HEXAMETRUM
1109 1669 1236 1752 SlVE
1278 1668 1561 1750 HEROICUM

171 1921 448 2001 Hexametrum
464 1944 623 2000 carmen
638 1925 788 2000 constat
807 1943 872 1999 sex
892 1916 1069 2024 pedihus,
1087 1945 1250 2024 querum
1270 1919 1430 2024 quintus
1449 1918 1624 2026 dactylus
1643 1926 1714 2019 est,
1738 1926 1865 1999 sextus

116 2043 323 2150 spondeus,
343 2042 480 2148 reliqui
494 2043 636 2151 dactyli
649 2044 710 2124 vel
724 2041 897 2149 spondei.
916 2041 1115 2152 Virgilius,
1134 2047 1224 2124 AEn.
1243 2045 1289 2144 ll,
1304 2072 1341 2123 v.
1359 2044 1435 2123 363
1455 2075 1463 2122 :

513 2229 591 2294 Urbs
609 2230 736 2314 antiqua
754 2229 826 2308 ruit,
849 2230 965 2293 multus
984 2229 1141 2294 dominata
1161 2248 1217 2312 per
1237 2248 1343 2294 annas.

852 2524 1129 2599 APPENDlX.

167 2701 333 2800 Quintus
347 2726 415 2808 pes
429 2725 713 2806 nunnunquam
729 2702 923 2807 spondeus
939 2709 1015 2803 est3
1034 2699 1137 2781 unde
1151 2726 1282 2782 versus
1298 2702 1525 2806 sponda-rcus
1539 2701 1771 2808 appellatur,
1790 2727 1866 2808 quc

113 2827 178 2909 vel
193 2825 250 2907 rei
264 2825 427 2933 alicujus
441 2826 605 2936 gravitas
625 2834 664 2907 et
685 2825 913 2932 amplitudo,
931 2827 992 2906 vel
1011 2826 1148 2936 ingens
1167 2851 1306 2906 moercr
1324 2825 1520 2932 animique
1536 2852 1672 2934 augur,
1685 2827 1747 2907 vel
1761 2827 1864 2908 aliud

116 2952 350 3034 declaratur.
368 2948 570 3061 Virgilius,
586 2951 721 3062 Eclcg.
739 2953 804 3053 lV,
821 2979 857 3032 v.
874 2953 925 3032 49
942 2984 951 3033 :

515 3139 590 3204 Cera
603 3139 704 3205 Deum
715 3140 847 3218 soboles,
862 3158 1010 3223 magnum
1023 3139 1105 3206 toris
1118 3141 1353 3204 incrementum.

117 3297 240 3388 ldem,
258 3300 349 3379 AEn.
367 3301 413 3400 ll,
430 3327 468 3380 v.
487 3299 536 3378 68
554 3330 563 3380 :

384 3533 391 3550 .
514 3486 666 3566 Constitit,
682 3492 775 3569 atque
789 3487 887 3552 oculis
899 3485 1029 3570 Phrygia
1043 3485 1165 3568 agmine
1177 3485 1399 3567 circumspexit.

645 3815 1064 3897 PENTAMETRUM
1101 3814 1330 3896 GARMEN

168 4063 261 4143 522.
291 4064 771 4163 Pentametrumcarmen,
789 4065 890 4171 quod
911 4065 991 4146 lere
1013 4065 1283 4146 hexametrum
1308 4062 1527 4164 comitatur,
1552 4063 1723 4170 quinque
1747 4065 1864 4170 pedes

112 4186 248 4288 hebet,
266 4213 431 4294 quorum
447 4188 523 4270 duc
537 4189 655 4297 primi
668 4190 811 4298 dactyli
827 4191 889 4272 vel
906 4189 1066 4295 spondei
1083 4216 1152 4296 prc
1171 4191 1358 4297 cujusque
1380 4188 1537 4270 arbitrio
1556 4195 1662 4287 sunt,
1679 4188 1863 4296 adjuncta

108 4313 260 4422 syllaba
274 4314 403 4423 longa,
422 4341 507 4420 quoe
522 4341 667 4396 caesura
680 4317 741 4397 vel
754 4315 917 4422 semipes
929 4314 1084 4414 dicitur,
1101 4315 1231 4395 coeteri
1247 4323 1434 4421 perpetue
1448 4323 1537 4394 sunt
1551 4314 1708 4422 dactyli,
1723 4314 1863 4420 quibus

110 4437 282 4546 semipes
303 4437 438 4520 itidem
462 4438 707 4548 adjungitur,
730 4448 772 4521 ut
792 4466 838 4522 ex
859 4447 1023 4544 utroque
1046 4438 1243 4546 semipede
1264 4466 1332 4547 pes
1354 4441 1421 4520 liat
1446 4472 1454 4520 :
1480 4441 1541 4522 vel
1566 4439 1677 4522 tertie
1701 4440 1785 4521 lccc
1809 4449 1864 4522 est

110 4563 331 4670 spondeus,
362 4562 429 4669 qui
458 4564 619 4645 alterius
641 4565 750 4646 verbi
776 4565 878 4664 fine,
904 4563 1063 4645 alterius
1086 4564 1197 4644 initio
1221 4573 1389 4666 constat3
1405 4565 1545 4646 deinde
1566 4566 1641 4645 duo
1662 4564 1859 4674 anapaesti.

109 4686 285 4789 Ovidius,
302 4690 411 4769 Pcnt.
429 4689 494 4776 lV.
510 4715 573 4794 ep.
592 4689 631 4789 3,
648 4717 686 4770 v.
705 4690 754 4768 35
772 4721 781 4769 ε

511 4861 621 4938 Omnia
634 4880 705 4938 sunt
717 4873 881 4938 hominum
895 4873 982 4938 tenui
995 4873 1159 4956 pendentia
1172 4874 1235 4952 filo,

547 4969 588 5033 Et
606 4970 706 5036 subito
726 4990 811 5050 casu,
833 4989 902 5054 quae
922 4971 1047 5035 valuere
1067 4978 1172 5035 ruunt.

147 5191 328 5274 delegimus
344 5211 382 5257 ex
397 5192 536 5276 plurimis
554 5194 725 5260 carminum
743 5195 906 5279 generibus
923 5213 960 5259 es
1017 5193 1137 5258 llercici
1156 5193 1300 5258 carminis
1316 5201 1494 5259 ornamenta
1509 5195 1608 5278 (quod
1624 5195 1715 5258 etiam
1732 5213 1798 5277 epos
1810 5211 1863 5260 ro·

102 5290 221 5376 quibus
245 5297 345 5374 pectre
364 5290 557 5374 frequentius
579 5298 718 5359 utuntur.
742 5293 899 5359 Diomedis
926 5293 961 5356 li·
1017 5299 1114 5370 catur,
1126 5291 1210 5355 unde
1226 5293 1301 5374 epici
1313 5301 1412 5376 poeta·
1428 5293 1518 5372 dicti)
1532 5313 1551 5356 a
1563 5293 1687 5374 Virgilio
1703 5293 1734 5355 in
1746 5293 1861 5375 primis,

101 5391 198 5454 brurn
222 5389 363 5469 tertium,
387 5389 481 5454 Servii
505 5389 745 5472 centimetrum,
768 5394 960 5476 aliorumque
1017 5390 1370 5474 accaetcrisquieodem
1385 5391 1538 5454 scribendi
1552 5390 1860 5472 generetloruerunt‚

100 5487 201 5552 libros
218 5487 327 5566 adeat,
346 5488 397 5552 cui
417 5487 483 5552 hac
501 5507 563 5554 non
581 5491 654 5555 satis
675 5510 741 5555 esse
764 5491 959 5556 videbuntur.
1019 5487 1231 5570 suntpetenda
1241 5505 1251 5567 ;
1267 5489 1350 5572 qucd
1361 5488 1442 5553 idem
1454 5489 1493 5552 de
1506 5489 1572 5553 aliis
1587 5507 1730 5553 versuum
1744 5487 1862 5569 generi·

1662 5607 1701 5667 62
