4646 6164
88 803 219 968 DE
304 801 1053 969 INSTITUTIONE
1142 795 1836 970 untutttulut

652 1165 885 1286 olous
938 1162 1267 1286 onustus

577 1594 610 1601 -.
619 1594 858 1601 ............
859 1589 1489 1600 M

221 1913 342 2050 nu
411 1909 1051 2102 suuuuotnuu
1118 1905 1703 2054 nluuoffloou

140 2301 235 2380 437.
268 2300 433 2408 Syllabas
448 2301 548 2381 fiunt
563 2303 624 2381 vel
639 2327 684 2382 ex
698 2325 778 2380 una
791 2299 853 2379 vel
869 2298 1046 2405 pluribus
1056 2298 1189 2400 literis,
1205 2309 1247 2379 ut
1261 2305 1434 2379 oce-root.

138 2425 279 2506 Literae
292 2425 435 2531 partim
449 2434 539 2506 sunt
550 2426 715 2524 vocales,
734 2422 875 2530 partim
890 2430 1160 2505 consonantes.
1301 2409 1304 2416 ¹

139 2550 305 2629 Vooales
318 2558 409 2629 sunt
423 2576 489 2630 sex
508 2581 517 2629 ε
534 2577 572 2648 o,
587 2577 622 2649 e,
641 2555 669 2647 z',
687 2577 724 2646 o,
738 2577 779 2647 a,
795 2576 836 2652 p.

139 2676 197 2756 Ex
218 2673 416 2754 vocalibus
436 2675 535 2754 fiunt
556 2701 620 2754 sex
641 2672 901 2781 diphthongi:
922 2701 969 2771 a,
988 2699 1054 2773 ou,
1072 2678 1123 2775 ec',
1140 2699 1201 2772 eu,
1218 2699 1261 2771 oe,
1276 2678 1330 2777 pi,
1350 2681 1393 2754 ut
1416 2706 1424 2752 :
1438 2701 1663 2779 prnmmm,
1687 2699 1837 2770 surum,

86 2802 160 2897 ln,
179 2799 349 2904 Europa,
364 2826 500 2904 pauno,
519 2799 707 2904 Horpno.

139 2927 182 3004 ln
198 2922 450 3032 diphthongis
470 2950 508 3022 o,
534 2951 570 3022 o,
593 2949 621 3028 y
639 2947 791 3029 semper
805 2931 898 3001 sunt
913 2921 1127 3028 principes,
1145 2925 1211 3003 iet
1225 2951 1252 3001 a
1270 2947 1424 3028 semper
1436 2921 1617 3024 subditae3
1639 2951 1659 3002 e
1677 2932 1715 3004 et
1735 2925 1841 3029 praeit

84 3055 121 3126 ct
134 3047 252 3127 subit.

142 3173 408 3252 Consonantes
423 3171 464 3250 in
479 3183 607 3251 mutos
620 3179 658 3251 et
671 3172 913 3250 semivocales
926 3168 1165 3249 dividuntur.

141 3297 258 3374 ltlutae
272 3303 363 3374 sunt
377 3302 464 3375 octo
484 3327 492 3373 :
511 3298 546 3396 d,
562 3322 596 3396 c,
613 3298 652 3394 d,
669 3285 715 3400 p,
728 3297 768 3390 lc,
783 3322 824 3398 p,
842 3323 880 3400 q,
899 3306 926 3371 t.

141 3419 403 3500 Semivocales
414 3419 546 3499 itidem
562 3427 647 3500 octo
666 3451 674 3497 :
690 3425 727 3520 f,
745 3421 773 3516 l,
790 3446 844 3518 m,
861 3447 902 3517 a,
919 3446 954 3514 r,
969 3446 1002 3516 s,
1019 3445 1060 3517 a,
1078 3446 1113 3497 z.

139 3545 200 3624 Ex
212 3543 354 3650 quibus
368 3551 533 3648 quatuor
548 3552 638 3623 sunt
652 3543 806 3649 liquida
826 3574 833 3621 :
852 3546 883 3640 l,
900 3570 954 3640 m,
970 3571 1011 3642 a,
1030 3569 1064 3620 r.

139 3669 185 3747 M
200 3675 331 3747 tamen
348 3676 388 3748 et
403 3695 429 3746 o
445 3694 529 3747 raro
544 3668 780 3771 liquescunt,
799 3666 919 3771 idque
938 3667 979 3747 in
995 3667 1131 3775 graecis
1151 3675 1303 3748 tantum
1321 3666 1566 3767 dictionibus,
1583 3675 1626 3747 ut
1647 3668 1844 3766 Teeuesso,

88 3793 258 3899 Oppono.

140 3920 228 3997 Duo
242 3944 271 3996 a
286 3925 358 3996 etz
374 3928 461 3997 sunt
475 3918 662 4022 duplices,
683 3917 757 3997 hoc
774 3925 848 4015 est,
868 3918 1002 3998 vatent
1021 3917 1116 3998 duas
1133 3925 1390 3998 consonantes
1408 3949 1417 3996 :
1433 3942 1477 4016 a,
1492 3943 1532 3996 cs
1544 3917 1675 4021 velpe,
1692 3925 1736 3997 ut
1750 3921 1843 4016 dux,

84 4070 173 4123 rex.
192 4043 354 4122 Veteres
368 4071 389 4120 z
404 4069 474 4147 per
487 4043 629 4146 duplex
641 4070 679 4121 ss
693 4042 921 4140 reddebant,
938 4050 980 4121 ut
996 4069 1136 4141 masso,
1148 4048 1330 4148 patrasso,
1345 4047 1493 4147 pitisso.

140 4165 196 4262 F,
214 4165 415 4272 praeposita
429 4164 586 4270 liquidis
599 4168 616 4246 l
630 4176 669 4248 et
682 4194 718 4268 r,
736 4166 816 4246 vim
831 4167 948 4247 habet
961 4176 1092 4280 muta.

140 4294 184 4389 S,
215 4289 392 4394 quamvis
413 4291 601 4370 immunis
624 4317 668 4371 aa
693 4291 751 4371 sui
771 4291 870 4397 juris
893 4291 941 4371 sit
972 4292 1114 4400 (neque
1139 4293 1245 4373 enim
1270 4291 1372 4373 inter
1395 4291 1565 4403 liquidos
1583 4299 1649 4371 aut
1676 4291 1849 4395 duplices

84 4413 352 4523 numeratur),
370 4415 565 4495 interdum
584 4423 716 4496 tamen
731 4415 926 4522 liquescit,
943 4425 986 4494 ut
1000 4442 1068 4496 suo
1084 4417 1167 4496 loco
1182 4417 1369 4498 dicemus.
1508 4491 1510 4496 ,

140 4541 186 4619 Η
199 4538 300 4618 sitne
315 4539 428 4620 litera
441 4567 490 4619 an
505 4540 747 4646 aspirationis
761 4551 866 4640 nota,
884 4539 1045 4619 dubium
1061 4550 1428 4645 controversumque
1444 4549 1514 4621 est.

142 4665 170 4742 I
187 4662 293 4743 inter
308 4665 404 4743 duas
421 4664 572 4744 vocales
589 4665 707 4770 posita
724 4691 940 4745 consonans
962 4673 1033 4763 est,
1052 4675 1167 4770 atque
1187 4667 1330 4771 duplex
1347 4667 1489 4765 ivalet,
1510 4673 1553 4749 ut
1570 4690 1706 4762 motor,
1721 4691 1849 4768 peior3

82 4798 245 4870 veteres
263 4793 280 4866 ί
292 4788 545 4896 geminabant
565 4820 573 4867 :
590 4792 749 4893 cantior,
766 4793 862 4893 ac'jo,
882 4791 1017 4894 tlloc'jo.

140 4915 168 4992 I
182 4920 224 4992 et
238 4939 279 5011 a,
291 4937 388 5016 cum
404 4912 600 4993 vocalibus
616 4922 894 5018 praeponuntur
912 4941 1052 5019 easque
1074 4915 1354 5020 comprimunt,
1370 4915 1471 4993 fiunt
1485 4921 1758 5011 consonantes,
1778 4923 1819 4990 ut
1837 4945 1845 4991 :

81 5041 228 5135 lanua,
246 5063 368 5136 iecur,
388 5041 565 5142 cocczjcco,
584 5065 699 5136 iocus,
718 5041 851 5138 iodea,
864 5051 980 5139 uoteS,
998 5043 1119 5136 oeloa,
1137 5043 1230 5137 uita,
1246 5065 1333 5136 uos,
1350 5041 1490 5117 uultus

145 5163 239 5241 lota
252 5163 471 5242 Graecorum
484 5190 683 5268 nunquam
698 5173 755 5244 est
770 5190 1006 5267 consonans,
1023 5191 1142 5270 quare
1159 5164 1199 5244 in
1212 5167 1333 5264 loson
1351 5166 1509 5263 iambus,
1528 5169 1642 5268 iaspis
1655 5171 1695 5243 et
1709 5161 1851 5245 catenis

81 5315 177 5394 quae
194 5287 311 5391 plane
327 5295 416 5366 sunt
435 5313 576 5396 graeoa,
599 5288 724 5394 prima
740 5288 881 5370 vocalis
895 5298 964 5370 est.
