4646 6164
705 593 749 644 DE
770 591 944 645 FIGURATA
963 589 1263 644 CONSTRUCTIONE·

808 913 1162 996 nnuflnrsnos

157 1182 249 1264 426.
279 1182 523 1262 Arctaomos
536 1179 769 1263 constructio
781 1187 839 1262 est
853 1206 930 1287 que
944 1178 1070 1287 prisce
1083 1186 1253 1262 vetustos
1269 1179 1508 1286 potissimum
1524 1205 1592 1261 usu
1608 1179 1694 1261 tuit.
1711 1182 1863 1262 Teren-

108 1307 196 1402 tius,
210 1305 389 1388 Eunuch.
409 1312 470 1387 cct
484 1307 549 1406 ΙΙΙ,
567 1331 620 1386 sc.
638 1305 678 1406 3,
694 1331 733 1386 v.
752 1303 831 1384 649
849 1335 859 1385 :

502 1453 613 1548 Nescio
626 1482 701 1566 quid
714 1481 871 1566 profecto,
884 1480 1000 1546 comte
1012 1479 1105 1559 nodu'c,
1115 1481 1270 1544 turbatum
1281 1487 1328 1544 est
1336 1479 1432 1544 domi.

88 1653 225 1756 idem,
243 1654 403 1755 ibidem,
421 1662 497 1738 ect.
521 1656 567 1756 ΙΙ,
585 1681 640 1736 sc.
661 1656 699 1755 Ι,
716 1681 753 1734 v.
772 1654 848 1735 222
867 1685 876 1734 :

500 1831 664 1914 Ejiciundn
677 1831 782 1897 hercle
795 1836 842 1896 est
851 1829 995 1896 mollities
1006 1827 1116 1910 enimi3
1131 1829 1223 1894 nimis
1236 1848 1282 1892 mc
1294 1827 1445 1910 indutqco.

102 1999 277 2105 Plautus,
294 2001 375 2086 Mil.
393 2011 469 2086 ect.
486 2004 537 2104 V,
551 2031 589 2084 v.
610 2005 658 2084 18
678 2036 687 2084 :

498 2180 573 2246 lure
586 2187 618 2245 te
631 2198 695 2246 non
705 2183 870 2245 eudemum
883 2199 951 2246 esse
962 2180 1107 2244 hominem
1119 2180 1159 2244 de
1172 2179 1231 2244 hac
1245 2199 1280 2244 re
1290 2179 1450 2245 neminem
1466 2180 1521 2258 (t).

104 2351 254 2453 Cicero,
270 2352 383 2434 Verr.
400 2358 477 2434 ect.
495 2352 542 2452 ΙΙ,
558 2351 587 2431 1.
603 2352 654 2452 V,
669 2377 704 2434 e.
723 2352 789 2451 65,
806 2351 903 2431 167:
922 2351 1064 2431 «Hunc
1080 2348 1153 2456 sibi
1168 2375 1253 2428 rem
1266 2348 1443 2456 praesidio
1454 2355 1612 2454 sperent
1624 2353 1822 2452 staturum.
1836 2381 1856 2423 s

139 2617 235 2683 lultn
247 2617 341 2699 hujus
353 2617 476 2700 generis
491 2615 694 2680 inveniuntur
705 2615 789 2698 epud
800 2614 957 2680 Plautum.
1013 2611 1168 2695 Amphitr.
1182 2617 1242 2674 eet.
1259 2609 1283 2689 l,
1299 2614 1389 2702 sofr,
1406 2629 1436 2673 v.
1450 2611 1490 2673 8³
1506 2628 1515 2673 ε
1649 2626 1663 2710 3,

101 2715 205 2780 nutui.
218 2721 281 2781 sot.
294 2715 334 2796 ΙΙ,
349 2733 395 2780 sc.
407 2717 439 2794 Ξ,
452 2735 482 2778 v.
498 2717 558 2778 67:
1336 2722 1340 2735 ·

321 2912 436 2929 .....
453 2875 563 2929 Fastidit
575 2877 635 2928 met.

1077 2771 1129 2823 Sed
1139 2771 1227 2836 fugem
1237 2771 1264 2822 in
1278 2783 1307 2822 se
1319 2749 1406 2822 timon
1420 2783 1497 2822 nemo
1506 2735 1676 2822 moeretur.

1013 2911 1127 2979 Bacch.
1142 2918 1202 2977 act.
1218 2912 1269 2992 IV,
1284 2931 1328 2977 sc.
1343 2916 1376 2992 Ι,
1389 2933 1420 2977 v.
1435 2916 1475 2978 28
1491 2933 1500 2978 2

85 3021 205 3101 ·idem,
220 3019 306 3084 Pers.
321 3027 381 3084 aot.
396 3019 448 3098 Ν,
462 3038 507 3084 sc·
521 3021 553 3098 6,
567 3038 596 3082 V·
608 3021 647 3084 7²
1075 3072 1179 3125 oceidit
1195 3072 1358 3136 enimusjum
1370 3073 1437 3125 tstoc
1448 3072 1519 3126 dicto
1530 3073 1589 3140 ptus
1601 3075 1848 3143 prceoqtturmeli.

195 3179 282 3234 Lm
294 3179 472 3246 mnd⁰⁶⁸⁰
482 3178 632 3247 ‘mm'
1013 3216 1108 3297 ibid,
1119 3217 1202 3302 apud
1215 3216 1296 3281 Non.
1308 3217 1413 3295 itero,
1428 3236 1456 3280 c.
1473 3221 1504 3296 Ι,
1520 3220 1559 3284 oe
1576 3236 1584 3281 :

105 3325 360 3390 neocosmum.
376 3323 427 3402 lv,
439 3341 483 3387 sc.
498 3329 568 3402 t,v.
585 3327 643 3387 12:

321 3511 431 3528 .....
449 3475 487 3526 Ex
502 3474 605 3527 insidiis
618 3487 734 3542 aucupa.

1138 3369 1326 3422 rraenesunum
1340 3370 1420 3435 opino
1433 3381 1500 3422 esse.

1013 3502 1064 3567 Sic
1081 3512 1227 3582 certatur,
1247 3503 1420 3588 adjocatur,
1440 3523 1496 3586 pro
1516 3515 1625 3584 certet,
1643 3505 1763 3589 adjurat
1783 3509 1866 3590 opud

107 3620 245 3686 mum,
260 3625 321 3684 act·
336 3619 388 3698 w,
399 3638 444 3682 30,
460 3625 491 3698 4,
506 3640 537 3683 v,
552 3623 616 3683 20:
1013 3600 1198 3679 Pacuvium,
1212 3602 1301 3682 ibid,
1322 3606 1361 3668 49
1376 3609 1408 3668 et
1420 3605 1471 3667 83.
1493 3603 1664 3687 Turpilius,
1685 3605 1774 3684 ibid,
1788 3625 1816 3670 c.
1832 3610 1865 3684 9,

225 3769 294 3833 ouis
338 3770 468 3822 mm
480 3769 585 3822 dm
607 3771 613 3784 Ι
1013 3702 1053 3762 ΙΙ
1067 3700 1146 3764 :citt
1156 3699 1234 3786 scies
1248 3718 1285 3763 ee
1296 3699 1454 3784 cecinisti
1469 3701 1586 3764 inscius.
1599 3702 1717 3778 uidem,
1727 3703 1864 3782 ibid.,5:

294 3782 326 3822 ¹¹⁸
584 3783 620 3823 ⁰¹·
1016 3797 1135 3861 «ticos
1153 3807 1290 3884 parentes
1312 3817 1410 3862 coreo.
1430 3820 1445 3857 s
1473 3799 1676 3881 Pomponius,
1693 3801 1781 3879 ibid,
1802 3806 1864 3864 tt:

104 3903 190 3968 Agin,
203 3910 267 3968 αα,
283 3903 336 3982 111,
349 3923 394 3968 ω,
410 3907 441 3982 1,
454 3923 483 3966 v,
500 3907 562 3967 35:
1017 3894 1137 3984 «Quod
1148 3894 1272 3960 letitiae
1288 3897 1458 3978 insperatas
1474 3897 1567 3961 modo
1583 3898 1657 3960 mihi
1673 3899 1820 3980 irrepsere
1834 3900 1865 3961 in

1012 3991 1116 4056 sinum
1124 4010 1135 4073 3
1151 4015 1167 4052 s
1184 3994 1375 4058 accusativus
1389 4012 1447 4076 pro
1469 3994 1669 4059 nominativo.
1689 3995 1772 4059 Num
1789 3996 1865 4059 illud

1012 4088 1179 4170 Ciceronis,
1188 4091 1273 4154 Verr.
1288 4097 1349 4156 eet.
1362 4090 1401 4169 ΙΙ,
1413 4092 1436 4154 Ι.
1448 4091 1498 4169 ΙΙΙ,
1511 4111 1540 4154 c.
1557 4095 1588 4170 5,
1601 4096 1632 4170 9,
1647 4093 1709 4156 huc
1722 4099 1839 4174 spectet
1855 4113 1863 4155 :

104 4185 230 4252 Trucul.
244 4192 306 4251 ect.
321 4186 346 4266 Ι,
361 4207 405 4252 sc.
420 4190 452 4266 2,
466 4207 496 4251 v.
512 4191 574 4253 36:
1016 4211 1031 4249 c
1050 4187 1223 4252 Senserunt
1234 4208 1274 4253 ne
1289 4189 1358 4271 quis
1368 4195 1485 4253 emeret
1496 4189 1684 4272 conopeum,
1700 4191 1757 4254 nisi
1768 4190 1799 4253 in
1812 4191 1864 4252 de-

1011 4287 1125 4349 mortui
1147 4287 1263 4350 locum.
1297 4285 1328 4349 Si
1353 4287 1406 4370 qui
1435 4286 1541 4351 Romae
1569 4294 1649 4351 esset
1675 4287 1865 4351 dmurtcus?

981 4373 985 4433 f
1013 4381 1111 4446 immo
1125 4383 1149 4446 si
1163 4383 1232 4465 quis
1244 4383 1369 4448 ibidem.
1381 4406 1397 4443 s
1408 4383 1466 4458 Qui
1478 4386 1567 4467 pluro
1580 4385 1675 4464 volet,
1689 4387 1770 4467 teget
1782 4386 1862 4450 Non.

1011 4479 1200 4559 Marcellum,
1221 4480 1363 4560 Festum,
1384 4488 1416 4546 et
1431 4481 1566 4565 reliquos
1586 4483 1691 4565 prisce
1709 4483 1865 4547 vetustatis

132 4591 167 4656 (Ι)
186 4591 245 4644 vro.
260 4603 348 4658 suun,
361 4604 389 4644 n.
402 4589 458 4643 28³.
981 4572 984 4624 t
1017 4576 1221 4657 indagatores.

227 4053 314 4106 ileum
326 4061 406 4120 ceput
420 4055 583 4122 concupisc.
620 4101 623 4108 .

323 4375 435 4392 .....
451 4341 506 4406 Ego
516 4338 655 4406 expedito.

770 4939 1158 5021 HELLENISMUS

154 5219 252 5299 427.
282 5214 536 5300 Hellenirmue
548 5225 603 5300 est
616 5217 853 5300 constructio
868 5244 952 5323 quae
966 5218 1081 5328 graeci
1094 5219 1283 5300 sermonis
1297 5221 1414 5329 leges,
1431 5247 1507 5300 non
1526 5221 1653 5323 latini,
1666 5224 1857 5306 observet.

153 5341 349 5426 Lucceius
367 5345 414 5426 cd
433 5344 673 5444 Ciceronem,
697 5343 826 5443 Fam,
847 5342 875 5422 l.
893 5344 943 5444 V,
964 5369 1027 5451 ep.
1052 5346 1115 5444 rt,
1140 5345 1181 5426 t:
1205 5376 1226 5418 «
1248 5345 1289 5427 Si
1309 5345 1511 5426 solitudine
1534 5347 1741 5450 delectere,
1769 5377 1859 5434 cum

1682 5494 1720 5553 so
