4654 6156
444 435 521 525 284
998 467 1042 519 DE
1063 468 1346 522 consanuottettu
1366 470 1471 522 venet
1491 469 1624 522 acetvt.

482 601 556 677 Quae
574 616 645 662 eum
665 596 706 661 ita
726 597 802 674 sint,
819 615 880 661 non
900 599 991 664 video
1012 619 1068 664 cur
1085 618 1148 664 non
1168 601 1288 667 dicatur
1348 602 1514 667 multorum
1532 599 1764 684 maleficorum?
1783 597 2033 664 t’cnderneetasne
2046 614 2080 660 es
2097 593 2192 678 serti,

443 701 521 766 bene
535 697 627 762 latine
643 715 652 760 :
666 694 755 759 Hunc
770 715 904 759 66666666
916 703 1004 779 potes
1017 699 1165 783 volferei,
1180 699 1228 763 vel
1241 720 1287 763 ae·
1347 719 1387 764 an
1407 701 1569 781 6666116911,
1580 717 1619 762 66
1635 700 1758 762 alteriue
1770 701 1908 760 batum?
1922 695 2020 760 Credo
2033 701 2066 758 ts
2079 695 2194 758 616166-

441 797 575 878 era'leqr't',
593 795 641 859 661
662 795 812 876 utriusque
827 794 980 877 maleficii,
1000 803 1054 860 aut
1070 797 1218 877 crr'mine's,
1235 809 1289 861 aut
1348 819 1402 882 que
1414 799 1542 877 sceleris,
1554 798 1698 882 facinoris
1711 795 1930 860 condensatum
1943 795 2006 872 iri‚·
2019 794 2067 858 vel
2078 793 2194 857 subsu-

442 896 568 961 scelerls.
588 895 688 958 ltem:
705 894 894 958 Acouaste'ne
912 913 983 959 eum
1003 897 1092 960 unius
1110 898 1230 980 peccati,
1250 916 1288 961 an
1349 898 1415 963 dito
1428 897 1634 963 substantivo:
1650 895 1747 960 Credo
1760 902 1791 959 te
1804 896 1955 977 utrr'asqee
1966 901 2128 957 6666661666
2139 892 2190 956 iri.

1162 1150 1421 1226 APPENDIX
1447 1152 1474 1224 1.

399 1322 407 1342 ·
498 1299 587 1380 3117.
618 1297 1299 1401 1166111666661661616,666616666616
1313 1301 1373 1382 his
1387 1300 1527 1402 verbis,
1544 1328 1695 1403 accuse,
1712 1327 1848 1406 arcuo,
1863 1301 2011 1403 6161666,
2020 1298 2189 1402 postulo,

443 1426 606 1531 appello,
616 1424 942 1525 obsoleademnc,
957 1427 1183 1527 condemno,
1197 1427 1237 1506 in
1248 1425 1460 1508 ablativum
1471 1453 1559 1508 eum
1570 1425 1892 1533 prepositionede
1902 1422 2040 1504 mutari
2050 1429 2189 1528 potest.

497 1549 644 1653 Cicero,
663 1553 763 1648 Α11.,
782 1548 811 1631 1.
827 1551 857 1650 l,
874 1575 936 1655 ep.
955 1551 994 1650 6,
1015 1552 1030 1630 1
1052 1583 1061 1632 :
1084 1583 1105 1625 6
1119 1553 1206 1632 Ν66
1221 1552 1461 1635 committam
1487 1551 1660 1659 posthae,
1685 1559 1728 1631 ut
1752 1575 1814 1631 me
1837 1545 2194 1653 6666666166ρὶ-

443 1676 630 1758 stolarum
649 1677 883 1783 neqb'qenteb
905 1675 1039 1782 possis.
1065 1709 1086 1752 »
1116 1677 1263 1779 Livius,
1282 1677 1320 1760 l.
1348 1678 1486 1775 XXVl,
1511 1703 1546 1759 c.
1574 1677 1626 1756 38
1654 1708 1662 1757 ε
1694 1708 1716 1750 «
1735 1674 1897 1758 Blattius
1915 1676 1962 1756 de
1977 1674 2195 1782 proditione

444 1801 603 1886 Dasium
622 1803 852 1910 appellabat.
869 1835 890 1878 6

482 1998 580 2062 Verba
594 1997 659 2062 hec
678 1997 835 2080 eleganter
847 1997 1013 2062 ablativum
1031 1998 1201 2062 admittunt
1216 2018 1288 2064 cum
1347 2019 1398 2082 cp.
1420 2003 1450 2078 3,
1465 2003 1510 2064 a:
1531 1997 1674 2061 «Sestius
1696 1995 1735 2060 eb
1753 1995 1856 2077 jndice
1878 1993 2041 2060 Callode
2067 1992 2196 2077 Pupinia

443 2096 669 2180 prepositione.
684 2095 803 2175 Cicero,
817 2115 874 2179 pro
883 2097 975 2161 Rosc.
990 2097 1110 2177 Amen,
1121 2117 1150 2162 6.
1166 2100 1217 2177 32,
1229 2102 1289 2163 90:
1348 2098 1386 2162 de
1401 2097 1564 2161 6661116661
1575 2096 1750 2179 postuletne.
1766 2093 1877 2158 aldem
1891 2093 1931 2158 etl
1944 2093 2102 2172 eumdem,
2119 2092 2141 2156 1.
2155 2091 2194 2170 11,

448 2195 555 2275 elem,
571 2214 649 2280 quos
663 2214 754 2259 nemo
768 2203 891 2278 propter
903 2195 1125 2276 ignobilitatem
1139 2198 1290 2278 nominat,
1349 2215 1400 2280 ep.
1416 2199 1466 2274 16,
1482 2200 1501 2261 3
1521 2215 1530 2260 :
1554 2219 1570 2256 a
1588 2194 1656 2269 Quo
1674 2194 1724 2258 elic
1738 2194 1803 2257 haec
1817 2193 1934 2276 scripsi,
1949 2191 2064 2257 Drusus
2077 2201 2143 2256 eret
2159 2191 2197 2254 de

443 2294 581 2358 sexcenti
601 2301 673 2358 sunt
694 2293 748 2376 qui
771 2294 849 2357 inter
870 2293 1013 2370 sicarios,
1038 2303 1069 2357 et
1089 2295 1127 2357 de
1147 2296 1292 2379 veneficiis
1344 2295 1618 2379 praevaricationes
1631 2293 1758 2357 tribunis
1774 2293 1885 2356 aerariis
1899 2291 2083 2356 obsoletas.»
2098 2291 2197 2369 ldem,

443 2392 659 2456 6666661661.»
684 2389 781 2469 ldem,
805 2391 993 2469 (16166661,
1015 2390 1092 2472 1.11,
1111 2413 1140 2457 6.
1161 2398 1212 2471 11,
1232 2397 1289 2458 37:
1349 2395 1437 2458 Vera.
1460 2392 1561 2470 6611,
1581 2413 1609 2456 6.
1627 2397 1679 2471 13,
1694 2395 1733 2456 39
1749 2409 1758 2454 :
1777 2389 1894 2465 «Quod
1910 2391 1942 2453 ia
1958 2391 2059 2454 116666
2079 2390 2200 2467 1111116,

449 2491 596 2573 «Negare
621 2490 775 2574 oportebit
795 2490 835 2553 de
858 2491 919 2554 6116
947 2491 1014 2571 ejus
1037 2498 1069 2554 et
1092 2490 1132 2554 ele
1157 2493 1294 2556 moribus
1349 2491 1449 2572 quide
1462 2491 1615 2574 majestate
1627 2489 1785 2553 damnatus
1798 2489 1928 2564 est,boc
1941 2489 2069 2571 planum
2082 2488 2200 2552 tactum

443 2589 556 2672 quaeri3
567 2589 621 2653 sed
630 2588 670 2652 de
683 2607 722 2653 eo
735 2588 929 2672 crimineque
943 2589 980 2651 de
993 2597 1180 2670 aequetur.»
1195 2590 1292 2668 ldem,
1351 2597 1408 2664 est,
1424 2607 1477 2654 eos
1493 2589 1655 2672 pecuniam
1669 2587 1783 2652 obrem
1794 2587 1991 2668 judicandam
2004 2587 2171 2670 accepisse.
2181 2610 2198 2644 a

445 2707 501 2770 pro
515 2687 598 2751 Sext.
611 2687 719 2764 Rosc,
734 2707 763 2751 c.
778 2689 831 2763 13,
845 2689 885 2750 bl
902 2706 910 2751 ε
936 2685 1098 2751 «Nomina
1111 2688 1244 2752 saliorum
1258 2689 1295 2753 de
1351 2689 1448 2766 Idem,
1465 2687 1491 2750 ll
1506 2687 1599 2766 Phil,
1613 2706 1643 2751 c.
1656 2689 1687 2765 2,
1701 2689 1744 2750 t:
1763 2685 1878 2766 «Cujus
1891 2686 1983 2750 etiam
1992 2684 2157 2752 familiares
2165 2683 2205 2750 de

445 2786 610 2870 parricidio
628 2786 728 2849 delata
746 2794 826 2851 6661.
840 2807 855 2844 6
873 2784 958 2849 ldom
973 2786 1013 2850 ad
1026 2785 1129 2860 Quint.
1145 2786 1295 2866 6.,111,
1352 2787 1384 2850 61
1395 2785 1581 2850 6661666611
1592 2793 1674 2850 stant.
1691 2806 1706 2844 6

1184 3019 1453 3093 EXCEPTIO.

503 3170 593 3252 298.
625 3172 706 3252 Hoc
728 3179 859 3252 tamen
884 3196 1044 3269 nomen,
1071 3176 1237 3272 crimen,
1265 3170 1433 3253 ablativo
1456 3170 1830 3278 sine‘proepesitione
1854 3169 2023 3252 effertur.
2051 3169 2202 3266 Cicero,

448 3295 573 3392 Fam„
598 3295 626 3375 l.
653 3296 699 3394 ll,
727 3321 789 3401 ep.
821 3297 857 3394 1,
883 3296 900 3374 1
931 3326 939 3376 :
970 3329 992 3370 «
1012 3295 1052 3377 Si
1075 3295 1230 3401 iniquus
1252 3322 1294 3378 es
1317 3295 1358 3378 in
1383 3322 1446 3379 me
1467 3295 1608 3412 judex,
1637 3296 1889 3378 condemnabo
1912 3295 2048 3375 eodem
2073 3320 2144 3402 ego
2167 3301 2205 3372 16

450 3445 660 3499 emmane.»
1160 3491 1164 3503 .

502 3543 673 3624 Dicimus
692 3543 837 3628 etiam:
860 3547 994 3653 Capite
1015 3549 1183 3653 aliquem
1204 3547 1403 3648 demetere,
1420 3551 1585 3654 persice,
1604 3548 1786 3653 plectere.
1813 3551 1959 3626 Auctor
1980 3544 2027 3624 ad
2043 3545 2203 3625 Heren-

451 3665 583 3764 nium,
615 3669 644 3749 l.
674 3671 739 3768 lV,
767 3695 803 3750 c.
834 3671 900 3768 24,
932 3671 982 3750 33
1013 3702 1023 3751 ε
1057 3705 1078 3746 «
1108 3673 1210 3752 Eum
1237 3697 1305 3752 ves
1326 3671 1443 3778 jurati
1471 3677 1595 3777 ccpcle
1622 3673 1846 3752 damnastis.
1877 3703 1897 3744 6
1928 3668 2136 3751 Suetonius
2162 3669 2206 3749 in

451 3791 616 3894 Othone,
638 3819 674 3873 6.
699 3795 716 3890 1
743 3824 753 3875 :
776 3825 797 3868 (ι
818 3798 945 3875 Ausus
959 3804 1017 3876 est
1038 3793 1178 3876 milites
1193 3800 1316 3902 capite
1330 3801 1487 3902 punire.
1503 3829 1524 3871 »
1545 3797 1686 3896 Macer,
1703 3795 1807 3904 Dig,
1826 3795 1853 3876 l.
1872 3795 2039 3892 XLVlll,
2063 3793 2124 3872 tit.
2148 3822 2204 3892 rr,

452 3915 576 4024 lege7
595 3947 604 3997 ι
627 3907 1734 4028 «6666166166111616661,661666161666116666166661661.6

491 4120 684 4187 Vocabulum
702 4120 833 4186 criminis
851 4123 971 4187 videtur
986 4124 1192 4206 grammaticis
1210 4142 1298 4188 occe·
1357 4124 1449 4190 catto
1462 4124 1502 4188 ad
1516 4123 1706 4202 Ciceronem,
1725 4123 1748 4188 l.
1760 4123 1837 4202 Vlll,
1851 4141 1901 4205 ep.
1920 4125 1997 4200 3,1,
2015 4120 2054 4184 16
2067 4131 2208 4203 repeten-

452 4219 569 4284 sionem
579 4219 700 4284 dedisse
708 4219 859 4302 jungendi
867 4220 958 4285 etiam
968 4229 1075 4285 caetera
1083 4221 1207 4286 nomina
1217 4222 1299 4287 abla-
1355 4222 1402 4285 dis
1426 4222 1550 4287 dicere:
1574 4245 1590 4282 a
1612 4222 1718 4300 Piliae,
1740 4221 1849 4304 inquit,
1874 4220 1913 4283 de
1935 4218 2104 4302 repetendis
2130 4236 2207 4282 eum

454 4316 515 4381 1166
526 4317 610 4381 casui
620 4317 685 4382 sine
698 4319 926 4402 praepositione,
934 4337 1007 4383 cum
1017 4319 1115 4383 verbis
1122 4321 1297 4398 accusandi,
1354 4323 1526 4405 postulavit.
1537 4343 1551 4380 6
1562 4321 1659 4398 ldem‚
1677 4319 1803 4398 ibidem,
1815 4322 1834 4381 3
1846 4336 1854 4382 :
1868 4316 1959 4400 «lpse
1971 4315 2008 4379 de
2017 4318 2147 4398 peccate
2159 4337 2209 4380 re-

454 4413 628 4479 absolvendi
642 4414 880 4499 damnandique.
899 4416 1081 4500 Praecipiunt
1094 4417 1175 4482 enim
1187 4419 1218 4481 in
1230 4420 1294 4483 arni·
1354 4421 1491 4503 petendis
1505 4430 1548 4484 est
1558 4421 1733 4502 postulates.
1749 4439 1764 4476 a
1782 4417 1921 4493 Quintil„
1937 4415 1959 4478 l.
1975 4414 2012 4492 V,
2028 4433 2057 4478 6.
2074 4419 2124 4490 13,
2140 4418 2181 4477 te
2197 4435 2206 4478 ε

454 4531 574 4577 uersum
588 4513 691 4578 omnia
704 4513 771 4577 haec
784 4532 872 4596 posse
887 4512 1053 4595 genitivum
1068 4515 1117 4577 661
1133 4514 1297 4578 ablativum
1361 4517 1489 4581 altares
1501 4537 1568 4582 eras
1580 4525 1612 4580 61
1620 4535 1748 4600 pauper,
1762 4522 1795 4579 et
1809 4533 1921 4596 magna
1930 4512 2054 4596 pecunia
2072 4513 2210 4596 appelle-

455 4611 624 4690 admittere,
641 4616 676 4675 ut
691 4630 700 4674 :
713 4611 822 4674 Amase
835 4617 865 4676 te
879 4614 972 4695 ferti,
985 4612 1141 4694 66116616·
1154 4615 1258 4694 Arene
1268 4621 1300 4679 16
1356 4616 1436 4678 berb
1454 4636 1472 4679 a
1490 4615 1733 4680 creditoribus.»
1757 4615 1863 4678 Cicero
1884 4611 2128 4696 praepositionem
2152 4611 2210 4674 ad-

456 4709 603 4788 eearitie,
618 4705 823 4787 6616666116,
839 4710 1055 4792 6166666166
1069 4710 1163 4774 modo
1179 4719 1299 4786 caetera,
1354 4714 1469 4795 junxit,
1480 4714 1506 4777 ll
1521 4714 1612 4790 Pbil.,
1624 4733 1652 4776 o.
1667 4716 1720 4792 23,
1735 4715 1769 4776 'lt
1786 4731 1795 4776 :
1815 4735 1831 4772 a
1843 4713 2019 4794 Appellatus
2032 4729 2061 4773 es
2075 4709 2208 4792 depecu-

456 4806 541 4889 quod
563 4807 679 4870 nullius
700 4808 809 4872 veteris
833 4807 1008 4872 testimonio
1032 4809 1173 4892 probant.
1196 4809 1301 4872 Postu·
1357 4813 1420 4892 nia,
1434 4831 1526 4896 quam
1543 4831 1599 4894 pro
1613 4813 1719 4886 domo,
1735 4829 1791 4893 pro
1805 4810 1915 4889 bortis,
1929 4829 1985 4892 pre
2000 4811 2138 4872 sectione
2151 4809 2209 4871 ete·

457 4906 523 4969 lere
550 4908 592 4987 (1)
615 4906 784 4989 repetundis
809 4905 907 4971 lateor
932 4906 1042 4972 dixisse
1068 4907 1247 4973 Suetonium
1270 4909 1299 4972 in
1358 4910 1462 4976 bobas.
1477 4933 1491 4969 6
1508 4910 1588 4973 Illud
1607 4910 1714 4988 Setini,
1730 4929 1759 4973 6.
1778 4913 1817 4974 56
1833 4926 1841 4972 :
1859 4907 1973 4982 606611
1991 4909 2016 4970 si
2031 4908 2123 4970 etiam
2139 4907 2207 4989 ipse

458 5002 686 5083 01666661,
707 5011 739 5069 et
759 5002 909 5083 Tacitum,
927 5005 1051 5084 Annel„
1073 5005 1095 5071 l.
1114 5006 1166 5076 lll,
1188 5025 1216 5070 c.
1239 5010 1278 5069 33
1288 5055 1299 5087 ,

457 5101 596 5166 simodo
622 5101 689 5166 libri
714 5110 821 5166 vacant
846 5103 973 5169 meede.
997 5104 1085 5168 Certe
1104 5105 1207 5169 malim
1229 5125 1300 5169 cum

1360 5275 1419 5332 nost
1428 5268 1621 5330 casaaatronum3
1633 5273 1660 5318 et
1672 5267 1754 5318 16611.
1764 5265 1896 5326 (16666611,
1908 5263 2026 5316 Lemaire
2038 5261 2209 5323 ettenhaim,

490 5344 527 5408 lt)
543 5343 702 5395 Demaratum
719 5345 873 5408 repetendis
888 5345 985 5396 babent
1001 5345 1117 5396 Lemaire
1132 5353 1159 5397 ct
1174 5345 1303 5410 16616666,
1357 5347 1540 5414 postulaverat
1549 5347 1708 5413 repetundis.
