4630 6164
468 497 545 577 366
1060 525 1350 580 rannosrrronuu
1370 526 1622 580 cousrnucrro.

469 653 654 718 obruatur.»
667 653 717 717 Sic
726 655 858 732 incurro,
870 655 981 737 injicio,
990 656 1173 737 inpedior,
1186 657 1312 731 intueor,
1371 677 1400 720 o.
1416 661 1445 733 3,
1461 660 1482 721 8
1498 681 1505 720 :
1525 681 1540 718 o
1561 659 1599 720 In
1622 657 1800 721 exulcerato
1818 657 1916 720 atttnw
1935 656 2025 720 laoile
2041 657 2146 721 lictum
2161 661 2206 721 cri-

466 753 558 832 r'ntro,
590 759 650 816 etc.
676 772 745 836 quae
766 761 885 817 motum
910 754 1130 835 adsignificant.
1156 755 1316 838 Repetitur
1371 772 1443 817 men
1456 755 1645 819 insideret.»

467 849 564 913 ctiam
576 852 620 930 in,
638 870 710 916 cum
727 850 813 932 quies
825 851 1023 932 significatur.
1038 852 1135 930 ldern,
1148 853 1186 916 dc
1199 853 1313 931 Amic,
1410 852 1565 916 Nonnulla
1575 872 1613 916 ex
1624 852 1774 916 bisetium
1785 851 1923 916 dativum
1935 853 2205 935 postulant,quem

465 967 494 1011 c.
509 950 560 1022 81,
576 952 616 1013 19
636 967 645 1012 :
665 972 680 1009 ι
701 948 789 1028 Digni
803 956 909 1011 autem
923 956 994 1012 sunt
1007 950 1150 1028 ornicitia,
1163 951 1264 1032 quidus
1282 952 1313 1012 in
1371 948 1541 1013 admodum
1554 968 1612 1014 suo
1626 951 1697 1014 loco
1711 950 1829 1014 dictum
1845 955 1893 1013 cst
1906 953 1956 1029 (n.
1971 952 2043 1028 283,
2058 952 2145 1027 811).

469 1046 539 1127 ipsis
549 1047 622 1109 inest
630 1065 783 1110 causacur
791 1046 995 1127 diligantur.»
1021 1046 1117 1128 ldenr,
1129 1067 1184 1129 pro
1197 1047 1312 1128 belot,

870 1453 1108 1572 CASUS
1159 1451 1816 1572 PRAEPOSITIONUM

518 1775 610 1852 385.
647 1774 870 1855 Accusalivo
885 1775 1055 1855 serviunt
1070 1778 1136 1874 od,
1153 1776 1270 1881 apud,
1288 1786 1389 1874 ente,
1405 1776 1603 1873 aduersam,
1621 1775 1682 1854 vel
1696 1776 1915 1870 adeersum,
1933 1780 1999 1872 calc,
2015 1781 2126 1869 cura,
2141 1781 2202 1852 erl·-

464 1904 570 1994 ee'ter,
588 1904 707 1998 circa,
730 1903 887 1998 calcum,
903 1912 1048 1999 contra,
1064 1927 1167 2005 erpa,
1183 1913 1309 1998 cetra,
1327 1904 1446 2000 entra,
1466 1905 1584 1994 mter,
1603 1903 1727 2002 rofre,
1740 1902 1880 2004 jueta,
1904 1901 1961 2000 ob,
1977 1926 2110 2004 penes,
2125 1925 2199 2003 per,

461 2051 572 2128 ponc,
589 2036 691 2127 post,
710 2050 847 2128 prope,
872 2035 1045 2128 propter,
1067 2037 1224 2130 praeter,
1247 2024 1470 2123 secundum,
1492 2050 1624 2129 supra,
1641 2051 1762 2122 sectae,
1786 2026 2198 2124 transmeatorio,

462 2175 593 2254 oeque

516 2272 662 2372 Cicero,
680 2272 721 2350 in
739 2275 865 2372 Brut,
882 2298 917 2351 c.
940 2272 979 2370 6,
998 2274 1047 2352 ul
1067 2305 1076 2352 ε
1098 2276 1176 2352 «ln
1196 2273 1349 2378 pratulo
1363 2285 1529 2378 prppter
1543 2272 1715 2352 Platonis
1734 2285 1902 2353 statuum
1918 2271 2196 2353 consedimus.»

463 2397 582 2497 idem,
608 2401 709 2497 An,
734 2398 763 2476 l.
791 2399 874 2497 Xll,
899 2401 968 2503 ep.
992 2398 1037 2476 15
1058 2431 1066 2476 :
1089 2399 1346 2477 «Secundum
1367 2409 1417 2498 te,
1445 2396 1543 2477 nihil
1567 2404 1624 2477 est
1647 2397 1745 2476 mihi
1771 2397 1933 2478 amicius
1957 2396 2195 2478 solitudine.»
2237 2453 2239 2457 ,

468 2522 587 2621 ldem,
604 2523 714 2602 Verr.
734 2530 809 2602 act.
829 2524 874 2621 ll,
890 2521 918 2600 l.
937 2524 982 2621 ll,
1000 2548 1035 2601 c.
1055 2523 1119 2622 76,
1139 2524 1212 2601 187
1230 2555 1239 2601 :
1260 2553 1281 2596 (ι
1295 2524 1417 2603 Erant
1430 2529 1596 2627 aceeptae
1617 2521 1794 2627 pecunias
1809 2548 1832 2601 a
1847 2522 1937 2601 Caio
1951 2521 2141 2617 Verrutio,
2156 2519 2199 2597 sic

464 2656 591 2725 lamen
621 2655 664 2726 ut
690 2673 812 2752 ecque
837 2648 1005 2725 alterum
1033 2645 1128 2754 cll)
1149 2646 1267 2727 literae
1294 2653 1514 2727 constarent
1540 2646 1717 2754 integre,
1749 2645 1907 2750 reliquae
1931 2671 2067 2726 omnes
2090 2649 2200 2723 essent

462 2771 504 2850 in
522 2771 653 2851 litura.
674 2803 695 2845 u

502 2999 628 3062 Varium
657 3018 747 3062 usum
766 2999 1092 3081 'significationemque
1124 2999 1312 3081 prepositio·
1368 3017 1465 3061 unum
1473 3003 1692 3079 congerantur,
1703 2999 1875 3062 molestiam
1883 2997 2199 3079 taediumqueatlenut.

462 3097 594 3175 dinum,
626 3097 783 3160 audiendis
808 3097 1005 3179 legendisque
1030 3104 1168 3160 veterum
1194 3098 1312 3179 scriptis
1368 3096 1565 3159 Eeodeersua
1577 3097 1732 3178 reperitur
1746 3098 1828 3179 apud
1846 3096 2039 3173 Ciceronem,
2051 3095 2089 3158 de
2101 3093 2199 3171 llirin,

463 3193 582 3257 discent
605 3193 753 3276 paulatim
774 3195 995 3272 adolescentes,
1011 3213 1091 3276 qnae,
1111 3195 1134 3257 si
1156 3194 1187 3256 in
1207 3195 1312 3258 locum
1369 3193 1391 3256 l.
1405 3193 1430 3270 1,
1445 3212 1474 3256 c.
1486 3196 1535 3269 45,
1560 3197 1616 3257 l0l
1636 3194 1751 3257 :ultra
1764 3195 1858 3270 enim,
1876 3193 1992 3275 inquit,
2005 3194 2053 3256 aio
2067 3190 2200 3270 loquenti,

460 3349 1306 3363 Ἥ
1370 3308 1464 3371 quarn
1491 3296 1619 3372 septam
1641 3291 1781 3355 ridemus
1801 3292 1981 3354 exadversus
2004 3308 2074 3353 eum
2104 3289 2199 3361 locun,

494 3401 532 3465 (t)
548 3401 659 3454 Orclllua
672 3409 699 3453 et
716 3401 857 3454 Teubner:
871 3419 885 3450 s
900 3415 982 3466 usque
999 3403 1035 3454 od
1048 3403 1157 3456 alterurn
1167 3416 1192 3454 r.
1208 3421 1222 3452 n
1371 3396 1552 3452 consecratu
1566 3395 1624 3454 esi.
1646 3412 1661 3449 a
1761 3461 1765 3466 Ι

1221 3779 1444 3863 VERSUS

526 4052 661 4132 Vererer
674 4077 743 4131 suo
760 4051 864 4131 casui
879 4052 1135 4158 postponitur.

515 4179 659 4280 Cicero,
682 4183 785 4277 Ati,
802 4180 830 4259 l.
849 4181 950 4280 XVl,
968 4207 1029 4286 ep.
1052 4179 1115 4280 10,
1135 4181 1151 4259 1
1175 4211 1183 4258 :
1203 4212 1223 4253 «
1237 4181 1347 4261 Verti
1362 4181 1482 4290 igitur
1495 4207 1557 4262 me
1574 4181 2194 4286 aninturnisnrpmumoereo.»

464 4301 652 4407 Sulpitius
680 4303 872 4403 Ciceroni,
903 4306 1031 4404 Fam,
1060 4306 1087 4383 l.
1114 4305 1179 4400 lV,
1204 4331 1266 4411 ep.
1296 4307 1333 4406 5,
1362 4309 1386 4383 1
1414 4338 1423 4385 :
1455 4338 1476 4379 «
1500 4307 1556 4386 Ex
1582 4306 1675 4386 Asia
1696 4306 1860 4404 rediens,
1885 4330 1975 4386 cum
1999 4305 2048 4384 ab
2073 4299 2200 4408 AEgina

463 4426 660 4531 llleparom
673 4453 804 4506 versus
818 4427 1051 4534 navigarem,
1068 4428 1165 4534 coepi
1180 4429 1356 4536 regiones
1369 4429 1623 4510 circumcirca
1637 4429 1868 4536 prospicere.
1883 4462 1904 4503 »

509 4656 639 4719 lereaca
651 4661 829 4720 ceterarum
843 4656 1090 4738 praepositionum
1105 4663 1214 4720 natura
1225 4656 1311 4720 dissi·
1364 4657 1439 4720 tioni
1453 4657 1607 4720 interdum
1620 4656 1671 4719 od.
1688 4657 1801 4733 Livius,
1821 4657 1844 4718 l.
1860 4655 1884 4732 l,
1899 4673 1929 4718 c.
1947 4656 1987 4718 18
2004 4678 2012 4718 :
2033 4679 2048 4714 ι
2067 4655 2099 4716 ln
2110 4651 2200 4734 lapide

460 4755 513 4817 det
536 4777 543 4818 :
570 4760 642 4818 sunt
654 4753 736 4817 enim
750 4754 838 4818 dictae
851 4754 1079 4836 prepositiones
1094 4756 1179 4838 quod
1193 4755 1310 4820 caeteris
1364 4754 1404 4817 od
1417 4753 1570 4818 mmidiem
1581 4775 1681 4818 verear
1694 4755 1844 4819 consedit.
1861 4775 1878 4813 ι

460 4851 596 4932 partibus
617 4857 849 4934 preponantur.
866 4853 1054 4935 Praeponitur
1069 4854 1142 4918 huic
1161 4853 1309 4936 preposi-

516 5077 606 5156 386.
638 5078 821 5159 Ablalivo
844 5079 1071 5188 gaudente,
1095 5081 1174 5179 obe,
1197 5081 1350 5184 adaque,
1374 5106 1475 5178 cum,
1494 5106 1637 5177 eorem,
1660 5082 1777 5179 clam,
1799 5081 1861 5177 dc,
1878 5106 1913 5174 e,
1931 5104 1992 5175 ec,
2007 5105 2094 5181 pro,
2103 5097 2196 5178 prm,

462 5204 608 5300 procul,
621 5205 771 5307 palem,
787 5207 883 5284 eine.

515 5325 646 5407 Cicero
661 5326 699 5405 in
721 5327 815 5429 Pis,
829 5353 864 5409 c.
885 5329 924 5429 6,
944 5330 992 5410 12
1012 5360 1021 5408 ι
1045 5362 1065 5404 «
1082 5327 1176 5410 Mihi
1192 5355 1280 5409 vero
1295 5327 1366 5434 ipsi
1381 5354 1510 5409 coram
1524 5355 1662 5432 pencro
1678 5353 1780 5427 meo,
1798 5327 2017 5433 propinquo
2033 5334 2108 5421 luo,
2122 5343 2199 5423 que
