4630 6164
590 629 828 682 constantino
850 628 1058 688 TRANSlTlVA
1079 627 1302 682 Pnononnvls

86 763 193 838 «net,
209 761 310 842 inquit
332 751 515 841 Apollinaris
538 761 621 840 apud
644 760 788 836 Gellium,
810 758 832 819 l.
853 758 923 836 XX,

86 881 110 923 e.
123 863 226 937 6,n0n
240 858 319 920 dixit
332 858 458 946 Plautus
468 857 507 920 ab
521 875 559 920 eo
571 859 656 940 quod
669 877 758 933 meus,
774 857 828 919 sed
838 857 876 918 ab
887 875 924 919 eo

85 958 161 1040 quod
175 961 223 1020 est
236 975 299 1036 epo.
319 955 444 1036 ltaque,
461 955 558 1036 inquit
576 956 676 1033 idern,
691 956 716 1016 si
736 954 839 1017 dicere
853 954 926 1016 velis

80 1065 188 1137 patrem
206 1055 277 1130 mo,
293 1072 349 1135 pro
369 1062 487 1135 putrem
503 1073 615 1130 meum,
636 1072 700 1135 quo
719 1052 814 1116 Graeci
832 1052 925 1114 modo

86 1155 126 1214 riv
142 1155 250 1234 πατέρα
265 1172 316 1229 μου
334 1151 451 1228 dicunt,
463 1151 609 1214 inusitate
623 1151 761 1232 quidem,
776 1150 831 1212 sed
843 1156 926 1212 recte

85 1250 242 1334 prolecto,
263 1267 361 1330 eaque
380 1249 497 1312 ratione
519 1249 604 1311 dices
619 1267 681 1330 qua
699 1248 824 1311 Plautus
851 1249 927 1310 dixit

88 1347 178 1408 labori
185 1349 244 1410 mei
255 1366 311 1428 pro
324 1347 421 1408 labori
433 1367 505 1410 meo.
520 1369 535 1404 o
549 1347 620 1409 llaec
634 1346 697 1408 ille.
713 1346 831 1422 Cicero,
846 1345 924 1417 aa,

85 1445 104 1506 l.
119 1445 177 1521 xl,
190 1465 243 1527 ep.
259 1447 329 1522 8,a
345 1464 353 1508 :
373 1443 530 1518 «Quintus
542 1445 622 1507 misit
637 1445 735 1507 filium
750 1463 810 1507 non
825 1444 924 1507 solum

85 1545 126 1604 eti
139 1543 390 1623 deprecatorem.
410 1543 464 1606 sed
485 1543 576 1606 etiam
596 1548 805 1605 accusatorem
826 1543 921 1604 ma.»

85 1640 164 1704 ldem
176 1639 310 1703 lentulo
325 1659 334 1702 :
354 1640 424 1718 als,
439 1642 496 1703 bac
510 1641 594 1721 regia
607 1659 699 1702 causa
714 1647 854 1721 excepta,
869 1659 926 1702 cae-

84 1738 150 1801 teris
165 1739 195 1800 in
218 1739 313 1800 rebus
333 1757 365 1800 se
388 1738 571 1801 acerrimum
589 1739 634 1800 tui
650 1737 843 1800 defensorem
859 1737 925 1800 fore

87 1837 253 1899 ostendito
269 1836 354 1898 ldem
374 1835 669 1913 Turioni,1⁴'am.,l.
694 1834 734 1913 ll,
758 1855 807 1917 ep.
827 1839 858 1913 6,
882 1839 924 1898 5:

93 1932 200 1996 «Eam
221 1951 290 1996 rem
313 1933 403 1997 unius
425 1935 471 1995 tui
490 1933 592 1996 studio
619 1952 669 1995 me
694 1933 814 2014 assequi
836 1949 927 2013 posse

88 2031 215 2094 conlido.
230 2052 247 2090 r
266 2031 412 2110 Budaeus,
427 2051 460 2113 p.
476 2035 528 2109 32,
542 2032 619 2094 illud
636 2031 788 2095 Ciceronis
801 2031 831 2092 in
843 2030 925 2111 Vat,

90 2149 115 2192 c.
130 2133 160 2210 3,
175 2131 195 2192 8
211 2149 220 2192 :
240 2129 404 2191 «Civitatis
419 2129 551 2193 salutem
565 2149 637 2193 cunr
651 2131 736 2190 oniae
753 2148 815 2191 mec
830 2129 926 2192 salute

89 2245 149 2291 ase
168 2229 407 2308 conjunctam»
429 2228 473 2290 sic
489 2229 588 2308 legit:
615 2227 778 2291 «civitatis
798 2228 927 2290 salutem

91 2344 157 2388 enm
178 2327 263 2388 caiae
285 2325 344 2388 met'
360 2325 458 2388 salute
474 2329 516 2404 (1)
539 2328 787 2404 conjunctem3n
813 2326 866 2388 ubi
883 2326 928 2387 in-

89 2423 176 2504 quit:
200 2446 217 2482 ι
235 2423 267 2485 Si
290 2422 371 2486 enim
392 2442 456 2485 meo
482 2423 667 2504 scripsisset,
691 2424 845 2503 legeretur
864 2443 927 2485 meo

989 761 1078 821 eoliae
1091 760 1191 822 studio
1205 759 1355 822 maximos
1374 759 1508 822 honores
1523 762 1654 842 adeptus
1668 782 1736 825 sum
1744 784 1754 843 3
1768 765 1829 826 Soa

986 858 1071 918 caius
1089 875 1181 938 opera
1194 857 1306 936 juravit
1320 856 1425 920 Cicero
1438 859 1658 938 rempublicam
1679 880 1743 923 esse
1758 863 1831 926 libe-

989 962 1097 1016 ratam.
1115 954 1225 1032 Livius,
1242 957 1262 1018 l.
1279 955 1316 1032 ll,
1331 974 1359 1017 c.
1376 961 1419 1019 8:
1440 956 1564 1018 «Graiae
1579 959 1610 1018 in
1624 961 1734 1039 vulgus
1751 962 1832 1042 leges

987 1050 1087 1129 luere,
1103 1071 1179 1134 quas
1194 1071 1266 1136 cum
1284 1053 1368 1116 solus
1381 1055 1571 1134 pertulisset,
1585 1063 1620 1118 ut
1633 1077 1685 1119 soc
1699 1059 1784 1120 unica
1800 1059 1830 1122 in

977 1150 1033 1228 ¹bis
1046 1150 1143 1231 gratia
1157 1158 1252 1227 esset,
1268 1158 1334 1216 tum
1348 1152 1460 1214 deinde
1479 1152 1602 1215 comitia
1617 1156 1744 1236 collega
1762 1143 1832 1220 sub

988 1251 1125 1331 rogando
1139 1252 1254 1314 hebuit.
1271 1276 1286 1312 n
1303 1252 1399 1328 idem,
1413 1253 1433 1314 l.
1448 1252 1586 1329 XXXVI,
1602 1274 1631 1317 o.
1646 1259 1706 1318 36:
1727 1281 1742 1316 u
1756 1257 1833 1320 Cen·

991 1352 1119 1406 suerunt
1132 1364 1216 1424 ergo,
1231 1365 1309 1427 quos
1324 1347 1412 1410 ludos
1426 1347 1597 1436 inconsulto
1610 1357 1716 1411 senatu
1731 1369 1767 1412 ex
1779 1372 1832 1414 aaa

984 1444 1069 1505 anius
1096 1443 1245 1505 sententie
1263 1445 1409 1521 vovisset,
1431 1463 1484 1508 eos
1504 1445 1549 1506 uti
1568 1445 1607 1506 de
1626 1446 1788 1524 manubiis,
1808 1450 1832 1511 si

987 1561 1080 1623 quarn
1094 1540 1258 1622 pecuniam
1270 1541 1351 1604 adid
1364 1549 1558 1618 reservasset,
1569 1543 1618 1604 vel
1631 1563 1684 1608 sua
1697 1544 1761 1625 ipse
1772 1545 1833 1608 im-

991 1659 1085 1722 pensa
1099 1641 1249 1703 lacerata
1263 1640 1360 1718 ldem,
1376 1642 1398 1704 l.
1413 1640 1517 1716 XLIV,
1533 1661 1561 1704 c.
1575 1645 1615 1704 21
1632 1666 1639 1704 :
1660 1642 1833 1726 «numqui

987 1739 1027 1801 de
1053 1759 1106 1800 eoa
1135 1741 1220 1800 oat'us
1244 1737 1394 1801 sententia
1417 1739 1520 1801 omnia
1538 1747 1641 1820 gerat,
1667 1741 1832 1823 superbum

988 1837 1093 1916 judico
1116 1837 1212 1917 magis
1237 1855 1332 1917 quam
1352 1836 1562 1918 sapientemu
1581 1835 1652 1900 llaec
1668 1837 1740 1900 livii
1765 1839 1833 1902 loca

988 1934 1103 1998 idcirco
1114 1935 1211 2007 attuli,
1228 1934 1311 2015 quod
1323 1933 1450 2015 quidam
1462 1933 1506 1995 vir
1519 1935 1631 2016 alioqui
1644 1935 1753 1998 doctus
1772 1939 1836 2000 exi·

994 2026 1161 2088 stimaverit
1178 2045 1299 2107 semper
1319 2027 1367 2087 sni
1381 2026 1531 2089 utendum
1552 2045 1618 2090 esse
1643 2029 1834 2108 precedente

986 2126 1033 2188 vel
1048 2132 1194 2206 sequente
1209 2125 1362 2188 nomine‘

1030 2223 1138 2303 Neque
1151 2224 1180 2285 id
1194 2223 1384 2304 quodmodo
1398 2241 1437 2285 ex
1446 2223 1559 2288 Budaeo
1573 2224 1704 2287 diximus
1712 2245 1835 2308 semper

997 2329 1044 2385 est
1055 2340 1176 2400 verum;
1192 2339 1264 2384 nam
1281 2321 1384 2383 Cicero
1407 2322 1446 2383 ad
1465 2321 1544 2398 att,
1561 2323 1582 2384 l.
1599 2322 1655 2399 xt,
1669 2341 1720 2404 ep.
1737 2326 1786 2403 15,
1804 2326 1836 2398 2,

993 2437 1064 2481 eum
1078 2437 1191 2483 nomen
1205 2420 1418 2501 praeposuisset
1435 2420 1626 2500 pronomini,
1642 2419 1838 2483 nihilominus

92 2521 181 2598 unius,
203 2537 264 2584 non
285 2521 371 2582 caiae
390 2539 501 2597 mea;a
526 2539 589 2602 quo
610 2522 679 2584 loeo
698 2519 849 2600 significet
869 2521 930 2584 Bu·
990 2537 1062 2580 usus
1085 2524 1131 2580 est
1147 2518 1316 2599 possessivo
1335 2537 1344 2580 ε
1363 2517 1490 2579 «Solius
1509 2519 1592 2580 enim
1613 2537 1707 2580 meam
1725 2538 1836 2601 pecca

97 2618 176 2680 deus
195 2619 343 2680 utendum
361 2617 449 2680 nobis
466 2637 533 2680 esse
553 2618 693 2698 genitivis
708 2620 775 2694 mei,
796 2619 853 2696 tm,
871 2623 927 2697 eoi,
989 2623 1056 2680 tum
1065 2617 1175 2696 corrigi
1189 2635 1251 2678 non
1266 2621 1377 2699 potest.
1392 2637 1407 2676 o
1425 2615 1493 2677 Alia
1505 2625 1661 2697 praeterea,
1677 2619 1836 2685 utadrem

95 2733 161 2777 cum
179 2715 358 2797 praecedunt
375 2715 500 2780 nomina
517 2718 613 2793 onice,
633 2717 730 2793 solius,
751 2722 787 2778 ut
806 2734 815 2778 ε
838 2716 930 2779 Unice
988 2715 1166 2791 redeamus,
1179 2722 1251 2776 sunt
1262 2713 1448 2792 testimonia,
1465 2712 1516 2775 ubi
1529 2713 1678 2795 primitiva
1689 2732 1746 2796 pro
1759 2715 1838 2779 deri-

98 2814 152 2875 mei
162 2831 255 2894 opera
267 2821 382 2876 servata
396 2822 442 2877 est
453 2813 639 2896 respublica3
659 2814 757 2876 Solius
769 2816 815 2876 tui
828 2815 931 2878 studio
987 2813 1094 2875 vativis
1113 2818 1283 2893 ponuntur.
1303 2809 1401 2888 ldem,
1415 2811 1494 2874 Phil.
1516 2811 1565 2888 lv,
1585 2831 1614 2873 c.
1635 2816 1664 2887 l,
1679 2816 1693 2872 l
1711 2835 1719 2874 :
1739 2811 1837 2876 ane

91 2910 237 2974 mammos
255 2911 388 2975 bonores
408 2912 537 2993 adeptus
554 2930 642 2992 sum3
669 2912 760 2975 Unius
776 2913 823 2974 sut
838 2931 931 2994 opera
991 2911 1114 2994 quentia
1137 2919 1265 2972 vestram
1287 2909 1482 2987 incredibilis,
1502 2907 1642 2986 Quirites,
1666 2909 1836 2991 eoncioque

87 3009 192 3086 juravit
210 3009 316 3072 Cicero
333 3010 554 3091 rempublicam
577 3029 645 3073 esse
663 3012 790 3073 salvam.
806 3010 929 3087 Contra,
994 3015 1078 3070 tanta
1092 3013 1237 3090 quantam
1256 3006 1430 3068 meminisse
1444 3023 1506 3067 non
1524 3005 1639 3084 videor,
1654 3010 1686 3068 et
1701 3006 1837 3069 alacrita-

87 3104 250 3170 sinomina
271 3114 447 3189 sequantur,
467 3108 641 3190 possessivis
668 3108 818 3171 utendum
843 3125 928 3185 esse,
992 3113 1056 3168 tem
1073 3105 1148 3168 mihi
1166 3122 1319 3167 summam
1338 3103 1510 3184 reipublice
1528 3103 1616 3165 affert
1634 3102 1836 3166 defendendae

88 3205 209 3268 ut2llea
228 3206 316 3267 caius
333 3223 430 3286 opera
454 3211 573 3268 servata
592 3211 637 3267 est
654 3204 844 3286 respublica3
870 3205 930 3266 Tuo
990 3211 1022 3266 et
1038 3222 1124 3284 spem
1143 3202 1372 3282 recuperandae.
1387 3223 1403 3260 n
1421 3200 1519 3278 ldem,
1538 3220 1594 3283 pro
1616 3201 1735 3279 Plane,
1757 3220 1785 3263 c.
1803 3205 1840 3279 6,

991 3307 1029 3366 16
1049 3320 1057 3364 :
1077 3299 1210 3374 «Quare
1234 3300 1296 3362 noli
1319 3317 1369 3361 me
1392 3299 1431 3361 ad
1454 3300 1685 3363 contentionem
1706 3308 1834 3362 vestram

115 3435 148 3498 (q
166 3437 226 3487 nae
240 3437 434 3487 coenassent
452 3437 550 3497 oravet,
569 3437 732 3500 terrenam,
748 3437 864 3500 emese,
878 3438 930 3488 ne-
989 3419 1107 3477 vocare,
1124 3397 1303 3508 melidis·
1323 3418 1338 3455 1
1356 3397 1447 3472 ibid,
1465 3400 1614 3507 ,171173
1632 3421 1650 3457 ·“
1663 3396 1833 3460 ¹³⁰⁵S¹¹¹¹¹¹¹⁸

90 3515 175 3578 maire,
188 3515 300 3566 Orellius
313 3523 341 3566 et
352 3516 480 3567 Teubner.
989 3498 1106 3580 eripere
1120 3504 1249 3561 orationi
1264 3503 1324 3557 tttae
1338 3501 1567 3558 contentionem
1581 3494 1730 3556 vestrum?
1743 3515 1757 3552 u

821 3793 1094 3864 EXCEPTIO.

144 3988 233 4066 380.
266 3991 317 4066 Α1
346 3988 375 4066 si
401 3987 638 4067 substantiva
665 3986 884 4094 significent
916 3995 1066 4091 perlem
1099 3984 1271 4090 aliquam
1304 3985 1524 4090 generalem
1557 3982 1724 4087 eorporis
1755 3983 1833 4065 sive

99 4111 232 4210 animi,
257 4113 472 4219 cujusmodi
493 4120 582 4192 sunt
597 4139 711 4219 pare,
738 4114 958 4210 dimidiam,
981 4113 1140 4218 olt'qut‘d,
1160 4109 1340 4218 genitivis
1359 4107 1640 4214 primitivorum
1661 4117 1829 4208 utemur,

100 4244 142 4314 ut
159 4268 167 4315 :
185 4237 342 4316 Nullam
358 4250 515 4344 portem
537 4243 614 4318 mei
631 4237 761 4340 amisi3
785 4238 858 4317 hoe
879 4245 950 4337 est,
975 4260 1054 4317 non
1076 4235 1186 4316 amisi
1208 4261 1382 4334 manum,
1407 4235 1564 4340 pedem,
1587 4234 1827 4316 memoriam.

89 4361 309 4442 Amisisline
320 4364 528 4470 quidquam
542 4363 628 4444 tui?

146 4487 290 4584 Cicero,
312 4487 360 4566 de
378 4487 484 4588 Fin,
501 4491 529 4566 l.
546 4489 596 4588 V,
613 4513 647 4568 e.
671 4487 735 4586 13,
751 4488 800 4567 37
820 4519 828 4566 :
851 4519 872 4561 «
887 4487 956 4568 Cui
969 4487 1161 4593 proposita
1182 4487 1230 4568 sit
1250 4489 1489 4570 conservatio
1507 4489 1579 4590 sui,
1599 4516 1752 4572 necesse
1775 4499 1830 4573 est

94 4607 183 4689 buic
191 4623 328 4716 partes
341 4637 492 4717 quoque
512 4618 577 4691 eot'
593 4637 700 4692 caras
721 4639 816 4710 esse,
833 4611 1072 4717 carioresque
1093 4640 1169 4718 quo
1193 4615 1442 4720 perfectiores
1462 4615 1553 4694 sint.
1571 4649 1591 4690 »
1611 4618 1826 4717 Terentius,

85 4733 251 4840 Adelph.
270 4743 345 4816 act.
363 4739 409 4837 n,
423 4764 476 4818 sc.
498 4740 535 4836 l,
553 4766 590 4819 v.
612 4737 685 4815 179
704 4767 712 4815 :

477 4948 615 5029 Tetigine
628 4949 674 5010 tui
684 4947 856 5031 quicquam?

84 5137 356 5240 Quintilianus,
373 5141 400 5220 l.
418 5141 500 5240 Vn,
520 5166 555 5220 e.
575 5141 613 5240 2,
630 5140 679 5220 al
699 5171 708 5217 ε
733 5170 754 5212 «
768 5138 967 5219 llinimam
981 5151 1132 5243 portem
1145 5141 1393 5222 meihabent.
1420 5174 1439 5213 a
