4656 6156
459 486 536 567 246
801 593 802 596 q
954 513 999 566 nc
1019 514 1306 574 cousrnncrrcua
1326 517 1539 571 rarusmrvs
1557 513 1715 568 nomme.

458 647 489 710 in
514 651 682 731 promptu,
706 645 812 710 ordine
839 647 1061 713 elementorum
1085 664 1094 710 ε
1114 647 1222 727 Atius,
1251 650 1307 711 oti·
1363 649 1523 732 quispiam,
1543 648 1712 732 qusquam,
1735 645 1868 728 quotque,
1888 644 1980 718 rotor,
1999 643 2095 720 ultus,
2115 661 2201 704 uue-

457 745 532 828 quis,
548 745 638 822 ulter,
659 745 816 820 atterum,
831 763 923 819 uano,
945 753 1059 822 neuter,
1081 746 1197 826 uultus,
1223 747 1304 829 quis,
1363 747 1502 829 quisque,
1534 755 1612 822 uter,
1640 753 1781 828 uterque,
1812 751 2019 826 utercumque,
2048 739 2202 819 uterlibet,

457 844 645 928 quicumque,
673 841 813 926 quddam,
845 840 988 925 quilibet,
1014 843 1165 926 qusquis,
1192 845 1304 928 ᾳιόυὼ,
1363 845 1484 908 utervis.

510 1037 607 1116 Item
635 1031 854 1114 numeralia
880 1033 1056 1114 nomina.
1088 1033 1243 1135 Livius,
1271 1035 1299 1115 l.
1323 1036 1354 1135 l,
1381 1060 1416 1115 c.
1444 1035 1531 1114 56:
1564 1065 1585 1108 a
1612 1032 1824 1140 Imperium
1851 1055 2050 1112 summum
2078 1029 2204 1110 Roma

457 1158 630 1258 habebit,
647 1158 713 1265 qui
730 1168 898 1238 cestrum
910 1162 1079 1264 porinus,
1102 1186 1124 1240 o
1141 1159 1321 1266 juvenes,
1338 1160 1513 1241 osculum
1527 1158 1642 1240 matri
1662 1157 1807 1239 tulerit.
1827 1189 1849 1232 »
1870 1155 2037 1256 Curtius,
2055 1155 2084 1235 1.
2101 1154 2202 1254 Vlll,

457 1311 492 1367 c.
515 1285 555 1385 2,
579 1284 627 1364 17
651 1315 660 1364 :
682 1316 704 1358 o
724 1285 924 1390 Octoqiuto
944 1284 1200 1366 Macedonum
1221 1284 1517 1368 interfecerunt.
1541 1317 1562 1360 »
1588 1286 1711 1384 Idem,
1733 1282 1847 1384 ibid,
1868 1308 1904 1364 c.
1926 1282 1966 1382 8,
1988 1282 2012 1361 9
2036 1311 2046 1360 :
2073 1311 2095 1354 u
2112 1279 2204 1361 Nolo

456 1412 628 1518 uuqutos
640 1421 809 1490 oestrum
823 1407 1007 1490 excitare.
1023 1443 1045 1484 »

507 1534 683 1640 Denique
709 1558 964 1640 quacumque
994 1532 1186 1640 adjectiva
1214 1534 1465 1641 partitionem
1498 1533 1745 1643 significant,
1780 1529 2045 1638 interrogandi
2078 1554 2204 1610 casnm

456 1667 616 1769 possunt
644 1659 863 1741 admittere.
893 1657 1047 1759 Cicero,
1082 1660 1130 1740 de
1156 1659 1389 1760 Senectute,
1414 1685 1451 1740 c.
1486 1659 1550 1759 17,
1577 1659 1628 1738 59
1657 1689 1666 1738 :
1696 1690 1718 1732 «
1740 1659 1875 1739 Mutua
1899 1655 2019 1736 etiam
2046 1660 2205 1735 uturum

456 1787 638 1866 orborum
661 1810 751 1866 mea
774 1809 896 1864 manu
920 1792 1012 1864 sunt
1036 1793 1139 1865 sata.
1165 1817 1187 1860 »
1215 1784 1366 1884 Livius,
1392 1786 1419 1865 l.
1446 1786 1594 1884 XXXl,
1620 1810 1656 1865 c.
1685 1785 1734 1863 45
1764 1815 1773 1864 :
1806 1781 2104 1862 «Macedonum
2130 1779 2206 1861 iere

456 1912 629 1990 omuz'bua
646 1916 688 1990 et
707 1911 935 2018 quoiusdam
952 1911 1210 2011 Andriorum,
1236 1918 1280 1990 ut
1300 1916 1507 1992 manerent
1530 1908 1732 2016 persuasit.
1755 1942 1778 1985 »
1804 1906 1974 2006 Curtius,
1996 1908 2025 1986 l.
2048 1907 2097 2006 X,
2115 1933 2150 1986 c.
2167 1907 2202 2006 8,

457 2039 482 2115 4
500 2066 510 2115 :
533 2067 554 2109 a
569 2037 667 2117 Cum
679 2039 818 2140 paucis
838 2039 1050 2115 umerorum
1072 2034 1122 2116 ad
1141 2038 1389 2118 Leonnatum
1408 2035 1599 2142 pervenit.
1620 2067 1642 2111 »
1661 2033 1825 2135 Plinius,
1847 2035 1875 2115 l.
1892 2032 1992 2134 Vlll,
2014 2057 2050 2114 c.
2071 2031 2138 2132 73,
2153 2032 2200 2114 l:

462 2193 484 2235 a
498 2162 699 2241 mnarum
712 2165 838 2269 niqra
852 2162 1008 2242 nullum
1021 2162 1192 2244 colorem
1205 2161 1361 2242 hibunt.
1377 2193 1398 2235 u

496 2401 729 2486 Nonnunquam
742 2401 927 2466 substantiva
939 2403 1075 2467 maximo
1082 2402 1165 2486 apud
1174 2402 1306 2468 Plinium
1364 2419 1447 2467 anno
1463 2401 1552 2484 parit.
1567 2421 1584 2461 r
1601 2399 1665 2465 Nisi
1678 2400 1757 2467 torte
1775 2400 1845 2484 quis
1861 2400 1944 2465 dicat
1956 2399 2142 2464 audiendum
2153 2414 2204 2460 no

457 2501 537 2565 hanc
558 2500 817 2565 constructionem
839 2500 1002 2565 admittunt
1008 2518 1019 2581 3
1039 2502 1060 2564 Ι.
1080 2501 1121 2582 X,
1140 2521 1170 2567 c.
1191 2505 1243 2579 81,
1267 2507 1307 2565 t:
1365 2498 1725 2581 menpartitivumrolru.
1737 2498 1959 2564 -Numeraliu
1972 2494 2206 2580 frequentissime

461 2623 477 2660 ι
498 2599 653 2664 Volucrum
679 2599 795 2662 herimot
827 2599 906 2682 parit
928 2599 1109 2682 vespertilio
1134 2606 1306 2663 tantum.»
1366 2597 1520 2662 eumenis
1541 2597 1735 2664 substantivis
1756 2599 1940 2680 copulantur
1959 2595 2132 2680 :Septimia
2152 2613 2203 2656 rec

458 2697 492 2762 t.
514 2697 574 2777 lX,
593 2716 622 2762 c.
647 2702 699 2777 71,
718 2700 762 2762 ¹1:
781 2697 939 2762 erman
956 2699 1043 2781 lupus
1062 2704 1094 2763 et
1116 2697 1240 2762 trichias
1264 2697 1311 2761 his
1366 2696 1599 2778 Romanorum
1614 2696 1672 2761 duo
1683 2696 1931 2779 militemnque·
1941 2696 2038 2760 duces.

1138 3059 1542 3146 SUPERLATIVA

517 3324 608 3407 959.
638 3325 680 3409 si
707 3325 833 3408 multa
863 3325 1037 3434 ejusdcm
1062 3327 1218 3438 generis
1244 3335 1534 3436 comparentur,
1558 3325 1747 3409 utendum
1771 3333 1830 3407 est
1857 3321 2091 3431 superlativo
2118 3347 2205 3402 cum

462 3449 632 3559 genitivo
647 3451 803 3558 plurali.

516 3575 663 3678 Cicero,
692 3577 851 3658 Tuscul.
877 3577 906 3657 l.
928 3578 978 3679 V,
1004 3603 1041 3658 c.
1070 3577 1109 3678 9,
1140 3578 1190 3657 Pl
1217 3609 1226 3658 ε
1258 3610 1279 3653 o
1299 3579 1373 3661 Hic
1397 3587 1524 3661 autem
1550 3573 1885 3687 (theophrastus),
1909 3575 2210 3681 clcqonttlsm’nuu

463 3706 637 3782 umorum
654 3703 964 3807 plu'losopltorum
984 3710 1023 3784 et
1040 3702 1334 3804 eruditissimus,
1352 3730 1432 3785 non
1454 3727 1688 3812 magnopere
1708 3698 2017 3807 reprehenditur,
2034 3723 2125 3779 cum
2141 3697 2211 3778 tria

462 3852 609 3936 genera
632 3826 728 3908 dicit
749 3827 957 3910 honorum.
980 3861 1002 3903 »
1027 3827 1193 3930 Plinius,
1217 3829 1245 3910 1.
1273 3830 1447 3932 XXXlil,
1473 3856 1509 3912 c.
1537 3831 1576 3928 6,
1603 3828 1627 3907 9
1654 3859 1665 3909 ε
1686 3825 2020 3923 «Demosthenes,
2041 3837 2213 3905 summus

334 4023 346 4048 ,
464 3963 666 4033 oratorum
681 3950 836 4033 Graecia
850 3949 959 4060 (t).»

502 4165 575 4245 llic,
599 4171 635 4230 ut
656 4166 851 4250 perspicuam
879 4172 945 4245 cst,
972 4172 1188 4252 comparantur
1214 4171 1308 4234 multa
1408 4168 1530 4234 Interim
1544 4166 1927 4234 conterunturresdiversi
1940 4167 2071 4249 generis,
2081 4167 2213 4232 maxime

462 4263 600 4345 ejusdem
618 4263 738 4344 generis
746 4283 757 4346 ;
772 4281 845 4327 nam
862 4271 895 4328 et
914 4263 1139 4348 Theophrastus
1159 4285 1238 4331 unus
1252 4267 1311 4332 init
1367 4267 1535 4333 accedente
1550 4266 1694 4331 adverbio
1711 4285 1772 4329 noa
1789 4265 1895 4330 sotum
1907 4264 2027 4344 Cicero,
2041 4285 2098 4349 pro
2115 4266 2214 4330 ltomo

463 4379 502 4424 ex
521 4359 664 4426 omnibus
679 4361 884 4446 philosophis,
899 4369 931 4427 et
947 4362 1172 4428 Demosthenes
1188 4363 1227 4427 dc
1245 4381 1311 4430 ora·
1367 4385 1434 4446 sua,
1449 4385 1478 4430 c.
1495 4368 1544 4442 18,
1556 4367 1615 4430 ta:
1632 4363 1729 4430 «noc
1741 4370 1775 4427 tu
1786 4364 1946 4444 scriptore,
1959 4365 2019 4428 hoc
2033 4363 2214 4440 consiliario,

463 4459 579 4524 toribus
591 4467 691 4540 unus3
703 4459 748 4523 sic
761 4461 845 4524 enim
857 4461 1051 4540 laurentius,
1062 4463 1085 4527 l.
1096 4461 1122 4538 1,
1134 4481 1163 4527 c.
1176 4466 1227 4542 13,
1241 4481 1311 4546 quae
1367 4464 1427 4529 hoc
1437 4463 1588 4542 ministro,
1597 4463 1736 4527 omniurn
1745 4461 1944 4544 uoudtpodum
1951 4461 2216 4540 utausedeusm

464 4565 535 4622 sunt
548 4557 687 4644 ejusdem
701 4558 835 4639 generis,
849 4560 991 4642 explicat.
1002 4558 1118 4624 Passim
1131 4560 1215 4641 apud
1226 4560 1312 4626 Cice-
1367 4561 1592 4646 quadrupedum
1620 4561 1840 4646 impurissimo,
1864 4559 2089 4642 rempublicam
2117 4559 2218 4643 perdi-

463 4673 536 4720 nem
548 4663 582 4720 et
593 4661 720 4720 caeteros
736 4655 900 4739 scriptores
915 4657 1051 4721 invenies
1065 4657 1232 4738 genitivum
1251 4679 1311 4721 om·
1367 4661 1448 4726 disti.
1462 4682 1478 4722 ι
1502 4659 1626 4726 Clodius
1634 4706 1644 4738 ,
1665 4659 1705 4723 de
1728 4678 1791 4742 quo
1810 4658 1860 4722 hic
1874 4659 1986 4740 agitur,
2005 4657 2092 4741 bipes
2108 4658 2217 4741 procul

464 4755 545 4818 circu
558 4771 631 4817 cum
643 4753 847 4836 superlativo,
862 4755 947 4838 quod
964 4755 1090 4837 quidun
1102 4755 1245 4820 videntur
1257 4774 1311 4820 ne·
1368 4759 1482 4837 dubio,
1500 4776 1564 4822 non
1580 4757 1757 4839 quadrupes
1777 4755 1849 4822 tuit.
1870 4755 2061 4834 ilacrohius,
2079 4755 2216 4826 Satura..

464 4869 573 4934 masc,
608 4851 748 4935 captiosis
779 4853 883 4921 nescio
912 4853 1024 4938 quihus
1055 4854 1312 4920 conclusiunculis
1367 4858 1391 4922 l.
1405 4855 1471 4936 vri,
1487 4876 1516 4922 c.
1529 4860 1580 4934 11,
1592 4855 1771 4922 Ciceronem
1782 4854 1928 4934 imitatus,
1942 4854 2219 4920 inmoriuntur·

464 4951 697 5036 circumscripti.
712 4951 814 5032 ldem,
830 4950 929 5031 Fam„
944 4953 967 5018 1.
980 4951 1035 5032 XI,
1048 4971 1098 5038 ep.
1115 4956 1166 5032 tl,
1180 4957 1197 5017 1
1213 4971 1222 5015 :
1238 4953 1311 5020 attii
1368 4953 1390 5017 l.
1407 4953 1437 5032 1,
1451 4973 1480 5020 c.
1497 4956 1548 5030 13,
1568 4951 1827 5036 reprehenditur:
1846 4952 1960 5032 ruge,
1978 4951 2096 5033 inquit,
2115 4949 2218 5030 Servi,

465 5047 513 5112 isti
526 5047 650 5132 Segulio
668 5048 859 5114 malefaciant
871 5049 987 5117 homini
1000 5053 1171 5136 mmmm
1183 5051 1311 5119 omnium
1367 5072 1426 5114 uon
1450 5053 1544 5122 solum
1570 5049 1812 5127 adolescentium,
1833 5049 1887 5135 qui
1902 5049 1960 5112 tibi
1978 5049 2105 5131 aquari
2125 5057 2219 5130 sunt,

465 5147 608 5236 quisunt.
624 5147 677 5242 qui
689 5147 827 5228 luerunt,
843 5149 897 5236 qui
909 5148 1004 5221 futuri
1017 5158 1128 5222 sunt.»
1368 5151 1423 5222 sed
1441 5169 1541 5218 auant
1562 5168 1688 5241 quoque
1705 5151 1833 5217 onustum
1854 5147 2058 5216 domuum
2079 5147 2219 5228 Plinius,

497 5417 535 5482 (1)
550 5411 588 5469 ita
601 5425 629 5470 et
643 5417 794 5485 Patauium
811 5415 928 5471 haurire
944 5431 1006 5471 vcro
1021 5433 1028 5471 :
1044 5431 1058 5468 r
1075 5431 1194 5472 umatus
1207 5417 1310 5471 ttraectrs
1320 5423 1449 5472 cretea»
