4678 6162
600 880 725 1019 DE
781 877 1313 1022 CARMINUM
1375 875 1994 1021 DIMENSIONE

477 1291 568 1371 531.
602 1292 746 1373 Versus
773 1292 958 1374 metimur
981 1292 1162 1400 pedibus,
1186 1293 1325 1401 quibus
1350 1293 1556 1378 metiendis
1578 1319 1658 1375 nen
1679 1321 1817 1400 parum
1840 1294 1994 1400 prodest
2015 1295 2169 1403 syllabae

420 1415 649 1518 communis,
667 1417 903 1500 necessitatis
914 1419 1100 1520 metricae,
1118 1418 1285 1501 licentiae
1300 1418 1459 1526 poeticae
1473 1420 1764 1530 figurarumque
1778 1419 1958 1528 cognitio.

1041 1766 1552 1863 EPISYNALOEPHE

475 2002 566 2083 532.
597 2001 910 2108 Episynuloepbe,
934 2027 1020 2107 quae
1046 2011 1084 2084 et
1101 2005 1390 2109 syneeplwneaiv
1411 2010 1448 2084 el
1468 2007 1673 2108 syneresis
1692 2004 1926 2110 appellatur,
1948 2012 2007 2084 est
2026 2002 2174 2111 syllaba

422 2154 500 2208 una
513 2154 560 2209 ex
574 2128 725 2209 duabus
740 2128 860 2230 laeta;
882 2129 984 2232 qued
1003 2127 1046 2207 fit
1059 2153 1148 2208 aum
1164 2130 1250 2209 duae
1265 2128 1418 2209 voeeles
1432 2126 1473 2208 in
1489 2154 1609 2209 unam
1625 2129 1925 2228 contrabuntur,
1945 2139 1985 2209 ut
2004 2131 2175 2209 alveura'a

421 2254 569 2353 melem,
585 2256 704 2354 alvea,
721 2255 864 2356 eedem,
882 2255 1045 2355 e‘osdem,
1063 2260 1205 2355 aurete,
1220 2257 1410 2336 denariis.
1426 2253 1628 2362 Virgilius,
1646 2255 1787 2363 Georg.
1805 2256 1867 2354 lV,
1882 2281 1919 2332 v.
1938 2255 1989 2332 31
2005 2284 2014 2334 :

816 2439 876 2503 Seu
888 2438 972 2505 lento
985 2438 1101 2504 luerint
1112 2438 1246 2504 αΙυῑᾶνία
1259 2439 1372 2505 vimine
1386 2446 1480 2505 terta.

423 2601 542 2702 ldern,
559 2604 651 2683 AEn.
670 2604 720 2703 X,
738 2631 775 2682 v.
793 2603 870 2682 187
890 2634 898 2683 :

818 2789 886 2854 Una
899 2788 1053 2874 &deraque
1069 2789 1117 2853 via
1131 2791 1254 2873 sanguis
1267 2792 1448 2877 animusque
1461 2803 1642 2878 sequuntur.

423 2952 510 3034 Eat
523 2979 548 3034 a
560 2953 601 3033 in
617 2980 735 3035 unam
751 2953 941 3062 syllabam
955 2953 1254 3037 contrabuntur.
1271 2955 1536 3066 -Virgilius,
1553 2958 1645 3038 AEu.
1663 2955 1745 3054 Vll,
1760 2981 1796 3033 v.
1817 2955 1866 3033 33
1887 2985 1894 3032 :

820 3141 959 3205 Assuetoe
972 3139 1045 3223 ripis
1058 3139 1198 3204 volueres
1210 3146 1242 3205 et
1254 3139 1389 3206 fluminis
1400 3144 1495 3207 alui‘o.

424 3299 544 3399 ldem,
562 3302 653 3380 AEn.
672 3301 754 3402 Xll,
772 3329 809 3381 v.
829 3303 905 3383 847
926 3334 934 3382 :

822 3491 888 3556 Uno
900 3490 1053 3574 *eidemque
1065 3491 1136 3554 tulit
1150 3497 1251 3574 partu,
1265 3491 1450 3576 paribusque
1463 3493 1601 3559 revinxit,

819 3588 1003 3673 Serpentum
1017 3588 1115 3672 spiris.

424 3750 512 3832 b’et
526 3779 546 3830 ο
561 3749 710 3833 vocales
723 3749 764 3831 in
779 3777 900 3832 unam
915 3753 1151 3833 coalescunt.
1170 3798 1224 3814 -
1236 3753 1357 3855 ldem,
1375 3753 1466 3833 AEn.
1485 3753 1516 3851 l,
1533 3778 1570 3831 v.
1593 3751 1671 3831 726
1690 3779 1698 3831 :

376 4011 384 4034 Ι
820 3937 904 4001 Atria
912 3937 1114 4021 ,dependent
1126 3937 1230 4021 lychni
1244 3939 1437 4021 laquearibus
1450 3939 1560 4002 aurita

424 4093 545 4197 ldem,
564 4099 655 4178 AEn.
674 4098 758 4201 Xll,
775 4126 814 4179 v.
835 4101 905 4180 till
930 4131 938 4179 ε

820 4285 965 4366 Pectora3
980 4305 1039 4352 nee
1052 4287 1165 4352 misero
1175 4286 1276 4369 clypei
1287 4304 1373 4350 mora
1384 4285 1500 4367 proluit
1513 4289 1595 4351 aare.

424 4442 461 4526 Ε
472 4455 511 4529 at
523 4452 540 4528 1
551 4446 591 4528 in
606 4473 726 4530 unam
741 4448 931 4557 syllabam
947 4458 1105 4532 coeunt.
1121 4495 1174 4512 —
1189 4451 1389 4550 Martialis,
1405 4451 1432 4530 l.
1450 4451 1517 4549 lX,
1535 4448 1658 4556 epigr.
1681 4448 1770 4546 llll,
1787 4476 1823 4526 v.
1846 4449 1861 4526 l
1885 4473 1893 4528 ε

821 4637 958 4700 uenum
970 4636 1067 4701 tribus
1081 4637 1207 4719 invitas3
1223 4644 1254 4701 et
1267 4619 1359 4702 mane
1372 4640 1512 4719 togatum

859 4733 1027 4798 Observare
1037 4731 1127 4816 jubes
1140 4735 1227 4815 atria,
1245 4733 1345 4815 Basse,
1360 4742 1424 4799 tua.

428 4892 574 4999 Duplex
588 4899 621 4972 11
631 4893 672 4973 in
688 4920 812 4975 unum
825 4877 1067 4976 contrabium
1082 4905 1150 4977 est.

480 5079 583 5162 ldem
607 5079 745 5162 accidit
771 5081 951 5191 genitivis
978 5085 1092 5184 Oilei,
1123 5085 1301 5184 Achillei,
1335 5085 1497 5190 Ulyseez',
1529 5089 1567 5163 et
1599 5079 1737 5161 dativis
1765 5079 2017 5187 ablativisque
2045 5079 2184 5177 Tereo,

430 5205 602 5312 Typhoeo
617 5213 656 5288 et
669 5204 872 5309 similibus,
890 5207 1086 5291 interdum
1101 5217 1139 5291 et
1153 5208 1368 5297 accusativo
1385 5207 1576 5316 Typhoea.
1597 5205 1795 5314 Virgilius,
1812 5208 1903 5287 AEn,
1923 5206 1952 5305 l,
1971 5232 2007 5286 v.
2024 5206 2069 5284 11
2091 5235 2099 5283 :

821 5403 919 5471 Unius
931 5405 1107 5486 obnexum,
1121 5407 1257 5472 etlurias
1269 5407 1370 5488 Ajaeis
1387 5406 1472 5471 Oilei.
