4708 6166
666 675 710 728 DE
738 673 926 728 vannorum
946 673 1218 728 contueremur.

75 808 231 872 ruudiuum
254 813 358 887 vocat3
380 807 508 886 Phocea,
526 825 558 890 p.
575 809 671 886 1718,
691 807 917 890 participialia5
1080 888 1085 900 Ι
1333 828 1457 871 suarna.

75 907 220 985 Donatus,
243 906 267 970 si
290 912 394 970 tamen
414 903 665 987 conjugationum
688 905 828 987 exempla
849 905 916 986 ejus
1135 921 1317 997 Amafflm

75 1012 152 1084 sunt,
176 1004 321 1086 gerundia
334 1003 607 1086 uuepornuffldio
627 1009 727 1082 rorat,
740 1023 809 1086 quae
821 1001 915 1066 hodie
1325 980 1334 1017 '

75 1102 217 1184 aemonio
234 1102 371 1187 plerique
389 1103 506 1166 dicunt.
531 1102 646 1184 Supina
668 1102 751 1166 idem
772 1100 916 1184 appellat,

76 1221 141 1285 quae
154 1200 265 1266 eodem
275 1199 400 1264 nomine
409 1201 502 1282 vulgo
513 1201 719 1283 appellantur.

1135 1045 1293 1122 Amata.

1033 1231 1092 1304 66.
1145 1259 1317 1304 raarrcrrm
1351 1257 1585 1304 oemruamours
1617 1259 1758 1321 acrium,

1086 1362 1236 1407 TEMPORIS
1257 1361 1428 1406 PRAESENTIS
1448 1362 1487 1406 ΕΤ
1507 1363 1699 1409 aurearum.

127 1411 291 1510 Amana,
315 1407 494 1509 amantis,
516 1407 562 1488 iis
581 1412 622 1488 in
639 1407 692 1506 di,
715 1408 779 1507 do,
802 1407 914 1506 du1n3

78 1537 203 1618 eodem
222 1537 334 1616 modo
353 1538 394 1614 in
413 1532 914 1640 eaeterisooujuqutz'omlruo.
1031 1486 1240 1589 ‘mabam’
1275 1487 1365 1569 bam
1396 1498 1544 1568 mulam
1576 1516 1617 1568 ²⁷²
1649 1514 1736 1592 ΜΞ
1766 1515 1821 1567 ⁸²⁰

979 1616 1017 1691 ria
1033 1617 1193 1694 ooeterz'e.

235 1713 420 1813 Amondi,

235 1839 474 2046 fflffiss’m
1017 1937 1084 2003 lloo
1110 1941 1300 2024 participium
1323 1941 1404 2005 varie
1425 1960 1444 2004 a
1466 1941 1615 2006 Lusitanis
1641 1941 1819 2024 explicatur.

980 2039 1079 2102 Auum
1099 2039 1190 2103 unice
1211 2046 1244 2104 te
1267 2047 1420 2104 amantem
1440 2039 1539 2120 fugis!
1561 2040 1621 2116 One
1640 2049 1669 2104 te
1688 2061 1766 2105 omo.
1782 2079 1821 2090 —

981 2136 1099 2201 Patrem
1111 2137 1201 2202 unire
1214 2145 1244 2202 te
1258 2149 1411 2202 amantem
1423 2137 1454 2200 in
1469 2145 1606 2204 extremo
1616 2139 1722 2222 spiritu
1735 2140 1822 2206 dese·

979 2235 1075 2300 ruisti.
1093 2237 1314 2315 Oraeteomovo.
1330 2237 1427 2318 Virg.,
1442 2237 1564 2315 AEn.ll,
1578 2257 1607 2302 v.
1622 2242 1702 2304 399:

1138 1769 1299 1866 Amans,
1315 1764 1493 1846 amantis.

117 2199 305 2265 Gerundium
319 2198 440 2264 ablativi
453 2197 534 2261 varie
548 2197 581 2260 in
597 2195 763 2260 lusitanum
775 2188 921 2256 converti-

83 2305 135 2362 ior.
158 2300 200 2364 Es
225 2299 355 2382 impiger
375 2298 405 2360 in
428 2296 603 2361 scribendo.
628 2294 693 2357 Suis
719 2292 861 2373 diligente
877 2309 921 2352 em

82 2417 217 2462 aarum.
231 2434 273 2447 -
283 2395 428 2461 Defessus
441 2414 510 2459 sum
524 2392 720 2458 ambulando.
737 2391 834 2454 Eotou
853 2409 921 2452 eou—
1040 2371 1106 2422 rum
1115 2371 1301 2440 Pallasbijugn
1310 2371 1451 2440 [optantem
1461 2370 1564 2424 limet
1576 2379 1669 2438 1111111

82 2497 150 2577 podo
162 2496 200 2560 de
211 2496 371 2561 ondor.-
381 2494 479 2576 Eripis
486 2495 636 2575 lacrymas
646 2509 708 2555 non
720 2487 920 2564 consolando,

84 2597 131 2660 sed
144 2595 301 2659 minando.
314 2592 381 2656 Noo
393 2592 480 2655 tirois
494 2612 526 2654 oo
546 2591 690 2673 loquimus
702 2608 764 2652 coru
776 2585 921 2663 ooruolor,
983 2567 1042 2644 0111
1062 2569 1160 2651 fugio,
1185 2568 1397 2651 imperfectum
1420 2574 1477 2633 esl-
1500 2605 1538 2616 ·-
1558 2568 1713 2635 interiecit
1735 2570 1822 2636 illum

84 2715 141 2758 mag
152 2714 203 2756 0021
217 2711 366 2772 amgagar,
376 2725 417 2739 ..
429 2690 587 2755 Romanus
600 2687 735 2753 sedendo
748 2684 852 2749 vincit,
868 2685 923 2746 Ag.
981 2666 1194 2730 dormientem.
1207 2665 1245 2730 M
1243 2675 1313 2730 aton
1325 2687 1342 2730 0
1355 2666 1474 2730 relando
1485 2667 1652 2734 domlildt).

85 2791 214 2870 miodo,
230 2790 279 2854 vel
293 2788 411 2852 astando
424 2787 588 2852 ostentatio.
598 2823 637 2836 -
647 2787 710 2850 Em
726 2782 864 2858 meando,
879 2802 924 2844 ern
1291 2830 1334 2904 67
1427 2861 1432 2875 ι

85 2889 238 2972 elegendo,
254 2888 412 2966 savineo,
431 2906 475 2950 em
497 2885 646 2968 saltando,
662 2893 693 2949 et
706 2889 816 2949 eaetera
829 2881 923 2963 hujus
1343 2886 1350 2902 ·
1394 2859 1518 2906 ΜΨ·

1042 2452 1153 2516 Traiicit.

87 2987 198 3068 generis
211 3004 277 3052 non
290 2991 362 3050 sunt
372 2987 466 3067 hujus
477 2985 549 3049 loci.
565 2983 663 3048 Simul
677 3002 714 3047 ao
727 2981 860 3065 primum
875 2997 926 3043 ur·
1036 2978 1241 3075 Ampium,
1271 2999 1310 3054 m
1339 2985 1489 3056 mutata
1515 2979 1556 3054 in
1577 2999 1655 3055 rus.
1679 2974 1826 3057 Coelera

87 3083 151 3150 bem
168 3105 239 3150 sum
251 3085 415 3168 ingressus,
430 3085 540 3164 statim¹
551 3089 668 3166 patrem
683 3087 773 3145 tuum
784 3077 922 3144 conveni.
984 3100 1109 3180 eodm
1122 3100 1246 3180 modo·

88 3183 161 3266 Logo
178 3205 224 3248 em
243 3184 406 3261 currerat,
427 3191 510 3247 tanto
530 3200 585 3268 qaue
601 3180 706 3245 entrei.
717 3213 759 3228 -
771 3177 868 3242 SImul
881 3181 926 3240 at·

87 3302 142 3366 que
155 3303 172 3348 e
186 3283 257 3349 neri
270 3301 409 3366 egressus
422 3301 501 3360 sum,
514 3283 545 3344 in
559 3279 769 3363 grauissimum
782 3276 925 3341 morbum
1022 3266 1230 3333 Formavimus
1251 3266 1311 3332 hoo
1332 3264 1526 3349 participium
1545 3285 1564 3330 a
1583 3266 1684 3350 priore
1702 3265 1826 3350 supino,

89 3375 926 3465 laudi.loquendaseoatarcmdo.-simulooRomam
984 3366 1421 3451 momentaneamque
1434 3364 1595 3446 posteriori
1609 3370 1724 3430 errent.

89 3480 175 3562 attigi,
199 3482 302 3545 statim
323 3480 446 3544 nauem
466 3487 554 3544 tuum
572 3477 711 3544 salutavi.
735 3476 813 3540 Cum
831 3473 927 3556 gemi-

95 3587 190 3642 nantur
209 3580 369 3661 gerundia,
393 3579 476 3664 apud
499 3578 659 3642 Lusitanos
677 3577 832 3658 eleganter
854 3595 926 3640 con·

95 3673 216 3752 1111111111
231 3684 442 3762 exponuntur,
457 3678 590 3741 1111111111
611 3677 636 3739 si
657 3676 788 3740 1111111111
802 3674 840 3738 sil
852 3693 926 3738 neu·
1024 3676 1094 3744 Non
1112 3681 1173 3744 huo
1191 3686 1222 3743 te
1240 3685 1455 3756 recusaturus,
1477 3679 1531 3743 sed
1551 3678 1731 3743 defensurus
1744 3677 1826 3742 veni.

97 3774 162 3838 iem
178 3795 188 3838 ε
203 3775 341 3840 Estuodo
354 3775 523 3846 renouando
537 3784 609 3852 estu,
626 3773 820 3838 recutiunt
832 3792 926 3837 uorsa.
991 3777 1053 3839 Vim
1059 3796 1141 3859 poro
1154 3797 1202 3842 uos
1211 3777 1367 3861 defendor,
1382 3799 1397 3842 e
1410 3799 1466 3842 noo
1480 3798 1559 3861 poro
1574 3797 1623 3841 uos
1643 3797 1774 3840 ooouror.
1790 3809 1829 3822 -—

92 3867 161 3936 Cum
172 3873 211 3938 ad
225 3881 256 3939 te
265 3874 321 3940 has
332 3875 434 3940 literas
446 3893 614 3953 exararem,
629 3873 755 3939 reddite
768 3871 842 3936 mihi
857 3877 929 3936 sunt
986 3872 1149 3955 conjectus
1162 3881 1208 3940 est
1220 3876 1250 3939 in
1264 3895 1429 3955 oeroerem,
1443 3876 1628 3940 discessurus
1640 3873 1784 3957 postridie
1797 3874 1828 3938 in

90 3974 153 4034 tuae.
987 3973 1171 4056 Hispaniam.
1187 3973 1323 4039 Eatoudo
1334 3995 1413 4057 poro
1423 3973 1748 4058 portiroooutrodio.

1144 3504 1370 3601 limaturae,
1388 3526 1424 3601 a,
1441 3526 1523 3582 um.
