4680 6166
704 789 709 796 .

531 837 577 850 ιιι

254 821 329 1044 ss
509 857 695 878 Metire«

534 917 538 926 ι

401 619 404 630 .
492 502 1107 650 auuxrunnrs
1152 505 1506 652 xnvxar
1569 448 1572 456 ’

811 823 838 888 E
857 823 1072 890 sociarant
1090 823 1181 890 iiiSU

148 1079 260 1247 nn
339 1082 1090 1253 rusrrrurrorvn
1179 1081 1879 1258 calumum

859 1429 987 1510 LlBRl
1014 1428 1139 1510 TRES

624 1729 1005 1742 n—-n-——u-——o—-m—-n-
1009 1732 1389 1744 ‹anu—*m

724 2001 944 2116 LIBER
996 2001 1272 2118 PRIMUS

188 2282 215 2448 1².
235 2289 307 2353 Cum
328 2291 507 2372 preclarum
530 2289 604 2354 illud
624 2289 738 2354 Horatii
758 2293 892 2372 dictum,
905 2293 928 2356 l.
942 2293 966 2371 l,

143 2403 183 2468 ep.
215 2408 265 2465 ‚u
281 2392 342 2455 69:

205 2550 256 2680 pro
270 2551 350 2603 semel
363 2556 405 2604 est
415 2549 513 2602 imbuta
525 2561 625 2613 recens,
641 2551 756 2603 servabit
768 2553 874 2604 odorem

224 2635 274 2682 cata
286 2631 340 2696 din,

142 2780 309 2845 rammam
324 2801 391 2847 esse
408 2802 441 2846 re
455 2783 522 2866 ipsa
536 2784 673 2867 quotidie
692 2784 900 2866 experiamur,
915 2784 970 2848 da·

140 2875 177 2940 bit
189 2879 325 2962 inprimis
339 2899 465 2964 oporam
478 2888 647 2964 preceptor
660 2887 695 2945 ut
704 2881 844 2964 discipuli
850 2929 861 2961 ,
875 2881 968 2946 etiam

140 2991 209 3040 nunc
222 2979 334 3044 tirones
351 2986 384 3043 et
400 2980 501 3044 latine
522 2981 634 3061 truguae
654 2979 758 3058 rudes,
775 2981 839 3062 iam
860 2980 968 3044 iudea

139 3073 269 3160 pincipe
281 3077 406 3162 optime
423 3077 664 3160 pronuntiationi
678 3083 864 3142 amarescant.
880 3078 968 3152 Quod

139 3189 191 3253 qno
202 3173 312 3240 iacilim
330 3181 520 3260 assequatur,
534 3177 670 3242 studiose
682 3176 901 3260 diligenterque
915 3176 970 3240 ob·

139 3271 252 3338 sanabit
261 3274 375 3357 quibus
388 3276 540 3357 praecipue
553 3275 633 3339 vitiis
647 3275 763 3339 laboret
776 3293 812 3338 ea
825 3274 922 3357 regio,
937 3275 969 3337 in

139 3385 189 3448 qua
209 3370 260 3434 srbi
281 3372 474 3436 commissam
496 3375 688 3455 iuventutem
707 3372 842 3437 instituet
863 3391 873 3436 t
897 3390 969 3436 narn

137 3464 247 3548 ungulis
258 3468 323 3534 lere
336 3470 510 3536 nationibus
523 3469 690 3534 domestica
705 3469 847 3553 quedam
863 3488 900 3533 ac
912 3489 969 3533 na-

138 3563 188 3626 tiva
206 3565 305 3632 insunt
325 3568 410 3647 vitia,
427 3568 538 3650 quibus
556 3569 641 3632 latini
663 3567 811 3632 sermonis
826 3567 971 3650 splendor

138 3659 305 3728 obeantur
322 3674 416 3748 atque
434 3685 512 3748 pene
527 3666 675 3730 obruitur.
691 3666 848 3730 Nostrates
864 3667 970 3747 pueri,

137 3758 336 3842 simeg'sstrum
349 3763 524 3845 diligentem
538 3783 574 3829 ac
587 3765 666 3828 bene
679 3763 894 3846 pronuntiandi
905 3771 971 3827 atu·

135 3857 241 3924 ᾶίοιιιιι
258 3862 338 3926 nacti
356 3861 483 3940 luerint,
498 3880 560 3926 non
579 3863 658 3926 male
677 3862 820 3944 equidem
838 3878 971 3944 pronun·

137 3954 219 4037 tiant3
300 3979 373 4024 vero
391 3959 423 4022 in
445 3979 517 4024 eum
536 3959 698 4023 inciderint
721 3960 774 4042 qui
793 3958 893 4023 officio
915 3977 972 4022 suo

135 4053 217 4134 desit,
232 4077 268 4121 ac
286 4057 325 4121 de
340 4057 514 4122 auditorum
533 4076 696 4140 progressu
710 4076 818 4139 parurn
837 4057 875 4121 sil
890 4056 973 4120 solli-

137 4149 363 4231 rimaturum
386 4154 488 4218 literas
512 4177 542 4218 m
569 4161 601 4218 et
627 4175 648 4217 a
674 4161 825 4218 extremas
849 4163 970 4220 sonam.

136 4245 256 4316 Utuntur
264 4253 349 4318 enirn
360 4252 558 4317 literanescio
572 4273 634 4336 qua
644 4253 738 4316 notha
748 4261 779 4316 et
788 4252 970 4331 adulterina,

137 4346 214 4426 cujus
225 4349 317 4414 litere
330 4349 367 4414 P.
382 4349 522 4432 Nigidius
534 4350 618 4432 apud
633 4351 671 4413 ll.
687 4350 831 4429 Gellium,
845 4344 866 4412 l.
880 4349 970 4428 Xlll,

137 4459 161 4504 c.
182 4449 229 4524 ll,
251 4447 439 4513 mentionem
456 4447 539 4511 lacit.
564 4470 580 4507 ι
598 4447 836 4525 interituram,
854 4445 952 4530 inquit
961 4493 972 4524 ,

138 4548 193 4605 aet
204 4565 223 4625 p
234 4553 279 4610 est
290 4547 350 4610 alia
363 4547 420 4624 vis,
433 4547 511 4610 utin
524 4547 647 4611 nomine
660 4546 776 4628 capric,
790 4547 970 4628 clangorio,

137 4645 295 4721 amre,
309 4651 342 4708 et
355 4645 505 4727 increpat,
521 4651 552 4708 et
567 4644 695 4707 incurrit
702 4690 712 4721 ,
726 4650 758 4706 et
771 4644 921 4726 ingeniare.
936 4644 970 4707 lu

138 4739 267 4804 aurbus
283 4742 365 4806 enirn
382 4741 430 4806 bis
445 4759 508 4806 non
521 4760 628 4806 verum
643 4763 674 4821 a,
693 4743 747 4805 sed
765 4742 969 4806 adulterinum

136 4837 249 4914 ponitur
259 4856 267 4900 z
277 4858 348 4904 nam
366 4861 387 4900 a
401 4857 465 4903 non
475 4859 542 4904 esse
557 4839 662 4920 lingua
679 4839 790 4903 indicio
806 4846 861 4903 est.
879 4839 968 4919 Nam,

137 4930 203 4996 sisa
219 4934 302 5000 litere
318 4944 415 5016 cesct,
429 4937 534 5019 lingue
547 4937 682 5020 palatum
700 4943 849 5017 tangeret.
865 4959 880 4996 a
898 4935 970 5000 llaec

137 5028 192 5094 ile.
212 5032 365 5117 loquitur,
381 5042 415 5098 ut
429 5035 527 5112 vides,
543 5052 605 5098 non
620 5034 660 5098 de
679 5040 816 5098 extrema
828 5033 915 5096 litera
932 5052 969 5111 a,·

137 5145 222 5194 tonus
243 5137 342 5197 buren
363 5140 396 5195 et
415 5133 623 5215 pronuntiatio
644 5131 753 5196 eadem
776 5149 898 5214 prorsus
924 5127 975 5195 est'

136 5243 197 5306 que
208 5231 384 5294 nomadum
396 5249 425 5292 ra
438 5237 469 5294 et
481 5250 515 5309 a,
528 5249 600 5295 cum
615 5237 687 5294 sunt
700 5229 815 5294 ultimae
832 5247 841 5292 ι
858 5228 969 5293 eodem

136 5323 211 5388 enirn
222 5327 312 5394 noda
324 5327 442 5392 barbari
454 5348 484 5392 m
493 5333 526 5393 et
538 5347 559 5390 a
572 5337 723 5393 exnemas
735 5327 944 5409 pronuntiant.

1070 2292 1113 2369 D,
1135 2302 1168 2369 t,
1191 2292 1295 2356 itidem
1322 2297 1472 2356 extremas
1495 2311 1576 2376 sepo
1598 2311 1730 2360 numero
1752 2295 1880 2362 intactae

989 2448 991 2453 ,
1026 2389 1188 2471 omittunt3
1209 2391 1366 2454 interdum
1392 2391 1552 2473 posteriori
1574 2392 1711 2457 vocalem
1733 2413 1749 2455 e
1770 2394 1881 2476 adjun-

1027 2493 1123 2568 gunt,
1136 2495 1208 2567 este,
1222 2488 1325 2564 ubete,
1340 2506 1397 2570 pro
1410 2497 1464 2566 est,
1476 2488 1553 2551 abest
1563 2489 1714 2554 dicentes.
1727 2489 1879 2556 Cultimae

1028 2584 1170 2649 eamdem
1184 2585 1324 2650 vocalem
1334 2585 1464 2664 addunt,
1480 2605 1610 2668 eamque
1623 2605 1701 2652 sono
1714 2589 1879 2656 accedente

1027 2679 1066 2744 ad
1080 2682 1198 2746 literam
1211 2704 1231 2766 q
1244 2683 1539 2767 pronuntiantium,
1554 2683 1644 2763 boeae,
1657 2685 1726 2749 bace
1738 2686 1879 2752 ellutien·

1026 2786 1085 2847 tes.
1112 2782 1195 2857 Quos
1213 2802 1253 2848 ae
1271 2787 1401 2866 primam
1419 2784 1546 2866 quidem
1567 2783 1728 2849 nominum
1747 2785 1879 2852 formam

1027 2881 1157 2964 patietur
1167 2888 1339 2964 preceptor
1352 2880 1499 2961 ediscere,
1513 2883 1571 2947 nisi
1583 2881 1668 2965 prius
1681 2881 1761 2948 banc
1771 2883 1879 2948 barba·

1027 2979 1104 3043 riem
1122 2979 1244 3064 penitus
1262 2980 1402 3044 exuerint
1422 2999 1431 3044 ε
1450 2999 1521 3044 nam
1542 2999 1615 3044 cum
1637 2999 1808 3062 pronomen
1828 2983 1881 3046 doc

1027 3078 1135 3142 crebro
1147 3077 1186 3140 sit
1199 3077 1420 3161 usurpandum,
1435 3096 1513 3160 opus
1528 3083 1575 3142 est
1588 3083 1622 3141 ut
1633 3078 1665 3142 id
1678 3084 1748 3143 ante
1762 3080 1907 3172 opimo,
1916 3153 1932 3175 ,
1971 3139 1995 3166 .,

1027 3175 1225 3258 pronuntient
1243 3193 1337 3258 quam
1360 3175 1515 3239 memorie
1538 3175 1683 3258 infigam.-
1707 3175 1742 3240 ln
1769 3161 1882 3244 mediis

1029 3272 1209 3337 vocalibusc
1220 3280 1290 3336 ante
1307 3271 1382 3334 tvix
1394 3274 1548 3354 attingunt
1560 3291 1570 3337 ι
1582 3281 1716 3355 pactam,
1727 3273 1879 3354 dilectum,

1030 3371 1155 3450 dictam
1177 3370 1312 3448 daciam,
1333 3389 1465 3453 quaeque
1484 3376 1556 3435 sunt
1578 3371 1699 3453 generie
1720 3371 1880 3453 eiusdem,

1028 3470 1141 3534 clitera
1153 3468 1318 3552 privantes.
1335 3467 1451 3532 Eadem
1464 3467 1576 3550 injuria
1588 3469 1757 3553 adiciuntp
1768 3477 1839 3534 ante
1853 3478 1878 3549 t,

1030 3575 1062 3631 et
1074 3577 1175 3651 aptas,
1196 3567 1324 3648 ineptas,
1339 3567 1466 3648 scraptae
1474 3611 1485 3643 ,
1499 3555 1622 3649 raptas,
1639 3566 1755 3649 carpsi,
1776 3567 1878 3651 napa,

1028 3665 1179 3748 siquidem
1195 3665 1226 3727 in
1243 3663 1291 3726 his
1308 3669 1339 3727 et
1355 3661 1503 3727 similibus
1520 3664 1619 3729 verbis
1636 3664 1687 3728 vix
1703 3665 1828 3729 auditur
1841 3687 1878 3750 p.

1029 3765 1123 3829 lidem
1135 3764 1725 3846 alterumcnoununquamsupprimunt
1737 3787 1745 3828 ι
1756 3765 1879 3845 darno,

1029 3863 1173 3941 deicolae,
1193 3861 1317 3943 dissipo,
1338 3860 1502 3938 dissidium,
1523 3869 1555 3925 et
1578 3861 1725 3925 nonnulla
1737 3861 1769 3926 id
1783 3881 1881 3944 genus

1029 3977 1189 4044 perperam
1208 3965 1366 4022 sonantes.
1384 3958 1414 4022 U
1423 3966 1494 4041 post
1510 3958 1611 4023 literas
1629 3953 1694 4042 qet
1706 3980 1738 4042 g,
1757 3979 1830 4024 cum
1843 3960 1881 4024 li·

1030 4055 1159 4138 quescit,
1183 4057 1225 4120 ita
1246 4056 1423 4138 opprimunt
1444 4055 1492 4120 vel
1510 4053 1612 4138 potius
1629 4057 1824 4138 extinguunt,
1844 4064 1880 4122 ut

1029 4175 1132 4237 quare,
1147 4175 1248 4238 qaam
1259 4175 1347 4238 aquo,
1359 4155 1477 4236 liag'ao,
1489 4161 1521 4218 et
1534 4155 1593 4219 alia
1606 4156 1744 4238 ejusdem
1758 4156 1878 4237 generis

1029 4253 1121 4316 verba
1133 4253 1298 4317 iredissimc
1308 4259 1513 4334 corrumpant.
1523 4251 1590 4316 laur
1602 4271 1718 4332 veroa,
1729 4271 1879 4336 quocum·

1029 4370 1090 4434 que
1102 4351 1172 4415 loco
1184 4351 1290 4428 luerit,
1302 4349 1541 4434 pronuntiantes,
1558 4351 1672 4433 pingue
1686 4350 1832 4434 quiddam
1846 4357 1877 4415 et

1029 4449 1223 4531 peregrinum
1236 4455 1358 4526 sonant,
1373 4467 1469 4532 usquo
1484 4466 1523 4512 eo
1537 4454 1572 4511 ut
1582 4467 1667 4527 cum,
1676 4447 1759 4512 verbi
1772 4466 1873 4525 causa,

1028 4547 1097 4610 dim
1115 4545 1351 4628 pronuntiarint,
1372 4547 1480 4611 credas
1496 4554 1527 4610 te
1546 4564 1608 4609 non
1623 4561 1802 4623 mmanum,
1820 4547 1876 4611 sed

1030 4643 1184 4708 arabicum
1197 4643 1325 4707 verbum
1340 4643 1499 4710 audivisse.

1069 4741 1103 4806 ln
1130 4741 1177 4805 bis
1201 4749 1295 4825 atque
1323 4742 1439 4805 ceteris
1460 4741 1537 4805 vitiis
1552 4740 1752 4823 exstirpandis
1766 4759 1875 4805 nervos

1029 4859 1137 4905 omnes
1149 4839 1276 4922 vigilans
1292 4846 1324 4904 et
1336 4839 1503 4903 industrius
1514 4844 1684 4922 praeceptor
1696 4838 1872 4904 contendet.

1028 4937 1115 5001 Varia
1133 4937 1267 5001 remedia
1288 4936 1473 5019 excogitabit
1492 4937 1604 5020 quibus
1623 4955 1659 4999 os
1675 4935 1873 5018 linguamque

1028 5035 1138 5099 rudem
1156 5034 1315 5114 intormct3
1333 5034 1533 5099 attentissimo
1551 5033 1653 5097 animo
1669 5050 1741 5096 suos
1760 5033 1875 5097 tirones

1028 5132 1164 5215 legentes
1185 5131 1309 5212 audiet3
1335 5132 1453 5196 curabit
1478 5139 1512 5195 ut
1528 5153 1558 5195 m
1580 5131 1689 5214 praesis
1713 5131 1803 5195 labris
1825 5149 1875 5198 so·

1028 5236 1119 5310 nont3
1137 5227 1259 5293 docebit
1272 5249 1292 5289 a
1305 5228 1348 5292 ita
1360 5228 1618 5311 pronuntiandum
1626 5275 1637 5322 ξ
1653 5235 1687 5312 ut
1702 5227 1808 5310 lingua
1820 5247 1875 5310 pa·

1028 5327 1124 5392 latum
1136 5334 1257 5409 tangat3
1271 5325 1365 5392 etism
1378 5334 1471 5412 atque
1486 5327 1579 5392 etiam
1588 5321 1723 5406 intanti,
1741 5325 1872 5410 augebit,
