4656 6156
470 534 546 613 254
968 562 1012 614 nn
1034 561 1319 616 consrnocrroun
1340 561 1551 616 rnlusrrrva
1571 565 1728 618 uournrs.

468 692 593 769 Cicero,
616 692 656 756 de
682 690 796 771 linib,
823 693 845 755 l.
868 692 920 770 lV,
939 712 968 755 c.
994 695 1024 770 5,
1049 695 1107 758 12:
1127 718 1143 755 c
1160 695 1252 758 Vacui
1271 714 1321 757 ne-
1377 697 1540 762 virtuto.»
1558 697 1953 778 SuetoninsinOtbone,o.
1969 701 2168 780 suornm
2180 704 2229 766 vix

469 792 556 873 pariis
565 839 576 870 ,
600 791 726 854 honeste
745 811 782 854 ac
803 790 967 854 liberaliter
987 810 1151 875 possumus
1173 794 1315 857 viveres
1379 794 1460 859 nllus
1472 803 1563 875 esset,
1579 797 1632 880 qni
1649 817 1713 862 non
1731 806 1763 861 et
1781 800 1918 880 sentiret,
1938 805 1970 862 et
1983 801 2164 882 predicaret
2181 820 2229 864 so

469 889 586 968 Cicero,
603 907 660 972 pro
674 889 765 968 nab,
782 908 811 952 c.
827 894 858 967 ¹1,
872 893 908 953 2l
926 907 935 950 ε
957 911 973 947 a
992 889 1148 970 Confectus
1162 901 1319 966 senectute,
1378 894 1444 957 lum
1463 897 1643 958 successionne
1664 899 1707 974 (l)
1724 896 1845 979 imperii
1865 897 2029 980 dippum.»
2047 899 2124 962 lllud
2144 897 2230 963 Cica-

467 988 654 1071 praepeditns
667 986 794 1065 morbo,
808 1005 953 1063 mancus,
972 993 1004 1048 et
1018 987 1163 1052 membris
1177 989 1321 1053 omnibus
1379 995 1462 1058 ronis
1477 995 1517 1057 de
1532 995 1713 1079 brnspiciis‚
1731 1015 1761 1060 c.
1775 999 1828 1068 et,
1842 999 1893 1078 51,
1906 997 2068 1080 depravate
2081 997 2227 1062 alienor:

469 1095 589 1168 captus,
606 1086 772 1150 sedebilis.
787 1085 912 1163 aldem,
925 1085 1023 1163 Fam,
1039 1087 1060 1148 l.
1076 1086 1128 1165 lV,
1143 1106 1193 1171 ep,
1210 1091 1261 1167 13,
1276 1092 1295 1151 3
1311 1113 1319 1152 2
1379 1093 1481 1157 Unum
1492 1113 1559 1156 esse
1570 1094 1601 1156 in
1610 1093 1668 1157 bac
1676 1094 1796 1158 civitate
1807 1094 1931 1176 dipnrcm
1939 1095 2025 1178 bajas
2034 1097 2155 1178 imperii
2158 1117 2173 1174 ;
2185 1097 2228 1159 sic

474 1208 489 1245 a
506 1184 600 1248 Orbus
613 1184 743 1247 iisrcdus
756 1184 911 1260 omnibns,
926 1183 1040 1265 quibus
1050 1192 1082 1247 et
1092 1191 1203 1249 natura
1217 1205 1280 1263 me,
1292 1193 1322 1249 et
1378 1193 1461 1255 enim
1473 1190 1589 1255 babent
1603 1192 1671 1255 libri
1689 1211 1797 1255 omnes
1811 1210 1821 1255 ε
1840 1192 1974 1256 «Unum
1990 1212 2057 1258 essa
2070 1195 2102 1257 in
2114 1194 2175 1257 bac
2188 1193 2231 1256 ci·

469 1283 625 1360 voluntas,
640 1289 670 1345 et
688 1282 882 1346 consuetudo
901 1281 1117 1347 assuefecerat
1132 1283 1321 1362 alderado
1378 1290 1469 1353 vitata
1480 1289 1603 1371 diorum
1615 1291 1707 1372 hujus
1722 1292 1840 1374 imperii
1854 1292 1962 1373 oloris
1973 1313 1990 1350 ι

469 1381 622 1460 uinib,l.
644 1381 864 1462 vmouaav:
885 1381 1003 1442 «Liber
1020 1383 1316 1445 ammonuimus·
1418 1389 1575 1471 Indipnm
1586 1389 1682 1470 orbus,
1693 1410 1802 1467 caum,
1809 1401 1940 1470 mmm
1952 1391 2097 1455 eumdem
2108 1409 2229 1467 mum,

470 1479 661 1559 Columella,
680 1479 759 1558 l.,ll
774 1499 803 1542 e.
820 1479 1024 1543 ldamedio:
1044 1479 1183 1541 «Viduas
1201 1480 1321 1563 pecudi·
1377 1489 1642 1554 rarissimammen
1644 1488 1831 1632 ,recipiunt

467 1579 519 1640 no
536 1597 620 1658 ager.
636 1578 804 1657 aPlinim,
819 1579 841 1641 l.
865 1577 904 1640 lll
913 1578 1106 1660 ,prooemio,
1120 1581 1165 1642 3·
1185 1580 1320 1641 «Viduo

467 1679 551 1757 samo
564 1695 620 1740 sua
634 1678 771 1741 nomina
786 1700 802 1736 a

510 1775 657 1848 Quaedam
675 1795 714 1838 ex
726 1776 785 1854 bis,
801 1782 836 1839 nt
849 1794 943 1859 snpra
956 1777 1074 1840 dictum
1093 1783 1151 1854 est,
1165 1777 1256 1839 etiam
1270 1796 1322 1859 ge·

469 1873 599 1936 nitivurn
616 1881 767 1954 poscunt;
790 1874 864 1937 item
880 1874 998 1956 dipuua
1014 1875 1127 1938 Balbus
1144 1876 1184 1938 ad
1202 1875 1321 1939 Cicero·
1380 1847 1602 1980 ubfflnfflm
1611 1846 1890 1978 ὴέξξὲιῗωᾙῖἷ
1905 1847 2229 1988 ffimffi’m'

471 1989 556 2048 nem
571 1971 593 2032 ¹·
605 1970 671 2033 vm
685 1973 726 2034 ”d
738 1973 803 2035 AU-
806 1992 882 2054 ,ep.
896 1975 951 2036 ¹5
972 1971 1190 2050 “Obsecmtes
1201 1971 1318 2048 c¹⁰ef⁰
1378 2014 1469 2059 conus
1484 2021 1560 2058 usum
1574 2007 1718 2073 scriptoris,
1726 2007 1859 2071 quinales
1873 2005 2086 2058 observandus.»
2095 2006 2231 2068 Teubner,

471 2072 592 2151 suscipe
613 2089 739 2149 curam,
757 2078 788 2134 et
805 2073 1020 2151 cogitationem
1043 2072 1243 2152 dionissimam
1262 2082 1321 2135 tuoe
1378 2089 1553 2140 coamatores.

2034 1740 2227 1750 —--——-

1279 2445 1425 2528 OPUS

528 2725 620 2804 363.
652 2724 770 2828 Opus,
807 2748 953 2805 nomen
988 2722 1242 2830 adiectivum,
1277 2721 1533 2802 antecedente
1567 2721 1684 2801 verbo
1719 2720 1981 2822 substantivo,
2018 2721 2232 2802 ablativum

476 2851 658 2957 postulat.
672 2849 848 2948 Terent,
866 2850 991 2932 Andr.
1008 2855 1085 2929 act.
1101 2849 1131 2947 l,
1149 2873 1202 2927 sc.
1222 2849 1238 2926 l
1249 2909 1259 2947 ,
1276 2875 1315 2927 v.
1334 2847 1409 2927 32:

874 3067 957 3133 Nibil
970 3067 1068 3131 istbao
1081 3085 1152 3149 opus
1162 3072 1301 3143 astarte,
1315 3064 1355 3128 ad
1368 3063 1451 3128 banc
1462 3081 1529 3128 rem
1541 3081 1636 3146 quam
1647 3080 1733 3146 paro.

478 3258 626 3359 Cicero,
643 3259 692 3340 ad
709 3262 812 3360 Ara,
832 3259 860 3338 l.
881 3258 965 3358 Xll,
980 3283 1044 3364 ep.
1063 3249 1141 3337 37':
1163 3287 1185 3330 (ι
1199 3252 1316 3362 Apud
1329 3251 1547 3337 Terentiam
1562 3257 1690 3361 qrotcb
1704 3280 1799 3360 opus
1811 3260 1869 3336 est
1884 3252 1996 3333 nobis
2010 3260 2077 3333 tua
2091 3259 2236 3359 tuaque

477 3389 717 3465 auctoretate.
734 3417 756 3460 »

531 3509 641 3616 Saepe
666 3509 896 3591 etiamnum
921 3506 1172 3588 substantivis
1196 3531 1304 3586 more
1328 3503 1609 3612 adjectivorum
1637 3506 1848 3605 consentit,
1878 3530 2004 3611 neque
2033 3513 2169 3585 umen
2196 3503 2238 3582 in

479 3661 590 3716 casus
616 3634 849 3716 declinatur.
876 3634 1024 3730 Cicero,
1043 3633 1173 3730 Fam,
1196 3631 1225 3710 l.
1249 3631 1303 3729 ll,
1327 3655 1390 3737 ep.
1416 3631 1498 3731 ou
1520 3661 1529 3709 :
1551 3629 1643 3710 lucc
1664 3630 1775 3712 nobis
1793 3639 1833 3710 et
1854 3642 1990 3710 auctor
2008 3657 2102 3736 opus
2121 3637 2197 3710 est.
2213 3661 2235 3702 a

479 3760 599 3860 ldem,
617 3761 746 3859 Fam„
763 3760 792 3838 l.
812 3760 913 3858 XVI,
930 3785 992 3864 ep.
1012 3761 1034 3836 5
1055 3790 1064 3839 :
1087 3791 1108 3832 «
1120 3760 1155 3838 ls
1168 3754 1300 3838 omnia
1319 3755 1515 3862 pollicitus
1534 3762 1606 3856 est,
1626 3784 1712 3863 quse
1732 3755 1802 3838 tibi
1820 3764 1947 3838 essent
1965 3783 2071 3862 opus.
2088 3788 2110 3830 »
2129 3755 2240 3836 ldem

478 3885 526 3964 ad
543 3889 643 3984 Aac,
666 3886 695 3964 1.
712 3885 779 3978 Vl,
800 3911 863 3989 ep.
889 3887 913 3963 9
936 3917 945 3963 :
969 3884 1120 3964 «Dices
1140 3909 1316 3962 nummos
1336 3880 1433 3960 mibi
1452 3909 1546 3986 opus
1566 3907 1648 3962 esse
1669 3882 1715 3961 ad
1737 3889 1965 3988 apparatum
1987 3879 2193 3985 triumphi.
2215 3911 2236 3952 u

481 4009 627 4109 Livius,
653 4010 681 4089 1.
712 4011 834 4111 XXX,
864 4036 899 4091 c.
931 4011 955 4088 1
987 4041 996 4089 :
1034 4007 1211 4115 «Scipio
1246 4008 1293 4088 ad
1323 4006 1586 4112 comparanda
1613 4033 1660 4089 ea
1687 4035 1772 4113 quse
1804 4034 1898 4114 opus
1926 4014 2051 4106 erant,
2085 4013 2242 4113 tempus

481 4134 616 4215 habuit
631 4131 703 4243 (l).
720 4168 741 4209 »

525 4365 604 4448 Opus
617 4385 689 4431 cum
701 4365 836 4447 genitivo
854 4367 959 4447 iunxit
972 4367 1105 4430 Plancus
1118 4367 1158 4430 ad
1171 4366 1330 4444 Consules,
1389 4367 1514 4448 genitivi
1530 4386 1605 4431 vero
1623 4367 1735 4430 laboris
1753 4372 1785 4430 et
1806 4367 1944 4450 impenso
1963 4386 2026 4430 non
2048 4366 2142 4431 video
2161 4367 2244 4432 unde

485 4463 641 4544 Praetores,
659 4473 734 4542 etc,
746 4465 830 4549 apud
844 4466 1036 4544 Ciceronem,
1047 4465 1176 4544 Fam.,l.
1186 4466 1227 4545 X,
1237 4485 1288 4549 ep.
1299 4468 1330 4542 8,
1390 4464 1556 4548 pendeant.
1571 4464 1652 4528 lllud
1666 4464 1855 4544 Quintiliani,
1871 4465 1892 4528 l.
1910 4465 2106 4544 1111,ο.3,3
2122 4488 2132 4529 :
2154 4463 2243 4527 «Seu

484 4566 503 4625 3
519 4583 528 4626 a
547 4561 636 4626 «Sed
652 4565 842 4647 aliquantum
857 4565 945 4627 nobis
960 4566 1113 4646 torporis,
1128 4574 1158 4628 et
1170 4566 1273 4646 magni
1287 4565 1333 4627 la·
1392 4563 1486 4626 etiam
1500 4565 1525 4626 si
1539 4582 1630 4628 nome
1647 4565 1724 4646 qnid
1740 4563 1871 4646 quisque
1889 4565 2018 4628 senserit
2034 4563 2134 4642 volet,
2146 4563 2244 4626 lectio-

484 4663 579 4741 boris,
599 4669 631 4725 et
644 4664 750 4728 multae
768 4665 905 4747 impensu
918 4683 989 4745 opas
1002 4663 1077 4743 luit,
1096 4671 1131 4727 ut
1148 4684 1217 4746 quae
1231 4665 1334 4745 reipn-
1390 4663 1436 4724 ab
1449 4679 1520 4742 opus
1534 4668 1595 4740 est;
1608 4683 1623 4720 a
1637 4661 1844 4741 castigatiores
1852 4661 1976 4725 codices
1985 4661 2243 4725 habentlectioae.

485 4760 572 4824 blicae
585 4760 736 4844 bonisque
752 4762 1143 4845 omnibuspolliccremur,
1158 4763 1240 4825 exitu
1257 4781 1335 4844 prae-
1430 4757 1605 4840 iungebant
1633 4760 1723 4843 prisci
1762 4780 1832 4842 opus
1864 4761 1957 4824 etiarn
1981 4779 2054 4825 cum
2076 4757 2245 4824 accusandi

486 4864 636 4922 staremus
653 4863 696 4939 (2)
708 4881 723 4918 ι
732 4877 744 4939 ;
759 4861 816 4923 nisi
826 4859 906 4925 torte
919 4860 1025 4923 subest
1036 4861 1139 4943 aliqua
1153 4859 1251 4941 ligura
1265 4879 1334 4943 quae
1392 4877 1475 4922 casu.
1491 4858 1605 4937 Plaut,
1621 4858 1746 4923 Trucul.
1760 4866 1822 4924 act.
1835 4858 1874 4939 V,
1889 4880 1919 4924 v.
1935 4863 1996 4924 lo:

487 4973 543 5019 nos
563 4956 639 5021 latet
659 4975 668 5021 τ
696 4975 769 5020 nam
785 4959 924 5040 temporis
944 4958 983 5020 ab
1001 4958 1186 5040 aliquantum
1206 4958 1334 5041 pendet;
1455 4992 1539 5045 Puero
1554 5005 1621 5060 ,ΡΜ
1634 5000 1676 5046 e„
1689 4993 1784 5046 cinam

520 5275 559 5341 (1)
575 5274 703 5340 Lemaire,
721 5276 862 5338 bralenb,
882 5275 1022 5329 Teubner:
1038 5293 1052 5325 a
1069 5275 1103 5328 ad
1115 5275 1289 5342 comparanda
1304 5290 1335 5329 ea
1394 5278 1441 5340 ris,
1457 5284 1485 5331 et
1501 5277 1589 5342 magur
1603 5277 1718 5340 labores,
1731 5282 1759 5328 et
1773 5277 1861 5328 multae
1877 5277 2002 5342 imperasse
2019 5289 2086 5340 opus
2099 5275 2246 5328 merant»

489 5356 779 5421 maturescerent.»
1397 5358 1520 5410 Eandem
1543 5371 1622 5423 qnam
1643 5358 1753 5409 Alvarus
1778 5357 1915 5409 lectionem
1937 5357 2058 5422 seqnitur:
2083 5355 2247 5410 human.

524 5432 560 5501 (3)
578 5429 688 5488 Orelllns
701 5443 761 5501 post
773 5433 871 5501 olivet,
884 5433 987 5490 Ernesti
1003 5453 1010 5490 :
1026 5437 1220 5504 aabqnantnm
1236 5443 1336 5505 tempo·
1363 5436 1368 5504 l
1397 5435 1518 5491 Teubner
1531 5451 1594 5490 varo
1606 5435 1730 5491 Orellinm
1744 5443 1849 5490 secatus
1858 5443 1908 5490 est.
