4670 6158
467 501 543 584 488
1219 529 1263 582 oa
1283 528 1439 581 ronanus.

518 663 732 763 Diabmbao,
746 688 792 744 ex
807 662 956 743 duobus
970 663 1124 764 iambis,
1137 672 1181 744 ut
1187 670 1473 770 propinquitas.

520 790 781 888 Chorzanene,
797 813 842 868 er
857 789 998 870 choreo
1013 800 1052 869 et
1066 789 1208 888 iambo,
1225 798 1269 869 ut
1283 789 1470 868 nauatae.

518 917 750 1018 Antipostos,
768 939 814 992 er
829 912 958 992 iambo
972 922 1011 995 et
1024 914 1177 1013 choreo,
1196 920 1239 993 ut
1252 919 1446 994 recusare.

517 1037 671 1118 Ionicus
684 1065 708 1118 o
720 1041 885 1142 majore,
901 1064 947 1117 ex
962 1040 1132 1145 spondeo
1147 1048 1186 1122 et
1200 1037 1438 1145 pyrrhichio,
1456 1047 1499 1117 ut
1513 1037 1736 1133 caladribata,
1751 1033 2000 1113 contobimais.

518 1163 671 1244 Ionicos
684 1189 708 1242 o
722 1167 883 1262 rnzbore,
900 1189 947 1242 ex
962 1162 1185 1271 pyrrhichio
1199 1172 1238 1243 et
1253 1163 1435 1268 spondeo,
1453 1171 1497 1243 ut
1510 1161 1725 1258 Diomedes,
1741 1157 2005 1239 Lacedemm.

1236 1436 1423 1501 PAEONES

519 1594 610 1673 518.
641 1596 800 1673 Poeooes
812 1600 978 1698 quatuor
990 1599 1094 1693 sunt3
1112 1618 1248 1672 omnes
1261 1617 1306 1672 er
1320 1591 1442 1671 tribus
1456 1590 1634 1671 brevibus
1647 1596 1687 1670 et
1701 1613 1779 1670 una
1794 1587 1911 1696 ionga
1923 1589 2114 1683 constant,
2128 1581 2191 1662 bac

465 1718 564 1827 tege,
588 1726 631 1797 ut
654 1718 801 1825 primus
822 1716 989 1823 primam
1011 1716 1153 1799 habeat
1171 1718 1347 1825 longam3
1371 1716 1577 1816 secundus,
1598 1713 1828 1816 secundam
1853 1711 2006 1812 tertius,
2030 1708 2190 1810 tertiam

465 1850 638 1948 quartuS,
656 1850 850 1949 quartam.

519 1969 636 2048 Poeon
655 1969 690 2066 I,
713 1993 759 2047 er
775 1966 915 2047 choreo
930 1974 969 2048 et
983 1966 1221 2073 pyrrhichio,
1239 1976 1281 2046 ut
1293 1972 1462 2072 aspicite,
1477 1967 1722 2070 temporabis.

518 2093 634 2170 Paeon
653 2093 710 2190 Il,
732 2117 778 2171 ex
793 2091 922 2171 iambo
936 2099 975 2173 et
989 2090 1225 2198 pyrrhichio,
1242 2099 1484 2196 orphanae,
1503 2091 1728 2171 docebamus.

518 2216 635 2294 Poeon
655 2217 731 2315 ΙΙΙ,
748 2242 794 2296 err
811 2215 1035 2322 pyrrhichio
1050 2225 1087 2297 et
1102 2215 1257 2316 choreo,
1274 2224 1316 2294 ut
1329 2221 1534 2315 animatos,
1551 2219 1779 2295 mortomar.

519 2340 636 2419 Peon
656 2341 728 2440 IV,
750 2367 798 2421 err
813 2341 1035 2447 pyrrhichio
1049 2350 1088 2421 et
1100 2340 1243 2441 iambo,
1259 2349 1303 2420 ut
1318 2343 1528 2441 odldmttos,
1545 2342 1731 2421 obteram.

1236 2617 1432 2684 narrator

521 2770 611 2850 519.
641 2770 678 2848 E
677 2774 806 2876 pitriti
821 2797 888 2852 seu
902 2773 1031 2877 beppiz'
1041 2771 1201 2851 totidem
1216 2780 1320 2871 sunt,
1337 2773 1403 2854 sed
1419 2772 1679 2881 superioribus
1693 2767 1890 2851 contrarii.

519 2897 715 3002 Epitritos
734 2897 770 2995 I,
793 2922 839 2976 ex
853 2896 983 2977 iambo
997 2906 1035 2978 et
1049 2898 1232 3003 spondeo,
1249 2905 1292 2979 ut
1306 2905 1522 3003 ripentino,
1537 2903 1818 3004 ripopnon'mt.

520 3021 709 3126 Epitra'tue
727 3022 783 3120 Il,
806 3048 851 3102 ex
867 3020 1005 3102 choreo
1021 3031 1059 3102 et
1074 3023 1257 3129 spondeo,
1277 3030 1318 3103 ut
1330 3023 1556 3123 conditores,
1570 3022 1876 3128 comprobarunt.

522 3146 712 3250 Epitritos
729 3147 808 3244 Ill,
830 3172 876 3226 ex
892 3146 1062 3252 spondeo
1076 3159 1116 3228 et
1129 3149 1273 3252 iambo,
1289 3158 1331 3229 ut
1342 3151 1554 3250 decorato,
1572 3152 1822 3230 clomdvdros.

521 3270 712 3374 Epitritos
731 3272 752 3350 Ι
759 3272 801 3371 V,
823 3298 869 3351 ex
884 3271 1056 3375 spondeo
1069 3282 1108 3354 et
1121 3272 1276 3375 choreo,
1294 3282 1338 3353 ut
1350 3279 1590 3378 fortunatis,
1604 3273 1886 3380 popnabomde.

902 3603 1076 3684 PEDES
1115 3601 1358 3701 QUINQUE
1397 3599 1775 3682 SYLLABARUM

522 3850 614 3929 520.
646 3850 824 3956 Quinque
856 3851 1091 3959 syliabarum
1120 3849 1237 3958 pedes
1263 3846 1437 3928 inusitati
1464 3856 1572 3946 sunt,
1604 3855 1740 3953 praeter
1766 3847 2006 3941 doctrinam,
2036 3843 2200 3924 oratorio

469 3972 737 4078 compositioni
761 3975 927 4058 maxime
952 3975 1170 4082 oppositum
1200 4006 1208 4054 :
1236 3981 1460 4056 constater
1488 3971 1617 4054 iambo
1644 3979 1683 4052 et
1709 3971 1869 4070 cretico,
1898 3980 1942 4051 ut
1969 3970 2198 4076 νέῐρᾱόῐιόῶ,

466 4097 821 4201 perhorrescerent.

511 4331 684 4409 Diomedes,
704 4335 726 4396 1.
748 4333 798 4413 111,
818 4355 849 4418 p.
869 4337 942 4414 171,
961 4336 1051 4400 docte
1074 4345 1107 4402 et
1127 4339 1250 4422 copiose
1271 4337 1311 4401 de
1335 4346 1341 4412 1
1366 4355 1439 4401 vero
1452 4337 1485 4401 bi
1499 4338 1682 4421 tribrachym
1699 4335 1864 4420 appellant,
1879 4335 1931 4399 ibe
1944 4335 2102 4400 troetoem
2112 4333 2202 4397 nomi·

470 4428 598 4511 pedibus
610 4432 682 4512 agit,
703 4450 836 4515 quorum
856 4435 1089 4499 enumeratione
1110 4435 1224 4500 suimus
1240 4453 1313 4499 con-
1367 4441 1429 4499 nat.
1448 4433 1666 4514 Quintilianus,
1681 4435 1858 4500 Ciceronem
1874 4440 2009 4511 secutus,
2028 4433 2135 4496 iisdem
2153 4449 2202 4496 no·

470 4529 558 4604 tenti,
573 4528 655 4610 qood
669 4537 776 4594 caetero
788 4549 850 4596 non
864 4536 936 4594 suot
950 4531 1078 4613 perinde
1091 4533 1262 4597 necessaria
1273 4534 1312 4596 ad
1368 4535 1501 4600 minibus
1516 4537 1627 4618 utitur3
1647 4552 1710 4600 non
1732 4541 1804 4599 suot
1821 4541 1923 4598 tamon
1943 4535 2201 4616 mmmmm

469 4627 627 4690 scribenda
637 4630 782 4692 carmina.
798 4628 1025 4694 Ciroreomaotet
1033 4630 1138 4694 Cicero
1147 4631 1311 4715 appellare,
1369 4634 1518 4699 vocabola
1542 4641 1577 4698 ut
1603 4633 1732 4696 barbara
1757 4631 2000 4712 contemnendo,
2025 4649 2098 4696 cum
2118 4632 2201 4696 etiarn

470 4743 563 4806 qoem
573 4724 710 4809 plerique
718 4727 906 4807 grammatici
916 4730 1076 4793 tractuum
1086 4735 1211 4810 vooont;
1219 4749 1313 4814 quem
1369 4731 1545 4807 Quintibani
1553 4737 1642 4796 aute
1652 4736 1777 4813 recepta
1789 4729 1913 4794 tuerint.
