4662 6156
493 605 572 683 ‘tot
1092 635 1136 686 nn
1157 634 1328 686 nonnum
1349 635 1647 694 cousrnucrtous.

494 762 694 871 Virgilius,
711 767 802 844 AEn.
819 766 884 863 lV,
902 791 939 841 v.
958 765 1034 844 359
1053 795 1061 843 :

894 1002 1035 1023 .....
1057 959 1236 1041 Vocemque
1250 961 1294 1022 tia
1308 960 1426 1024 curr'dus
1438 963 1538 1026 hausi.

493 1129 744 1209 autumaret
760 1129 836 1208 alia
852 1155 936 1234 quae
951 1138 1015 1208 aut
1032 1129 1326 1224 consuetudine,
1345 1139 1409 1210 aut
1427 1132 1671 1232 auctoritate,
1689 1142 1757 1214 aut
1770 1144 1975 1236 vetustate,
1992 1147 2057 1218 aut
2072 1139 2249 1220 necessi-

494 1260 570 1333 tate
589 1253 756 1357 denique
777 1263 1023 1334 excusantur.
1045 1254 1175 1334 Cicero
1196 1254 1243 1332 ad
1263 1258 1363 1354 Att,
1380 1255 1407 1334 l.
1424 1258 1474 1353 V,
1490 1283 1553 1361 ep.
1575 1257 1638 1358 to,
1655 1259 1680 1335 4
1700 1258 1708 1337 ἐ
1732 1289 1754 1332 a
1772 1260 1847 1340 Ubi
1867 1273 2061 1343 terrarum
2075 1291 2174 1344 esses
2191 1291 2243 1344 ne

490 1376 712 1484 suspicabar
731 1379 905 1483 quidem.
926 1411 947 1453 a
967 1379 1071 1458 ldem
1093 1378 1139 1456 ad
1162 1379 1359 1478 eumdem,
1378 1380 1405 1457 1.
1423 1382 1489 1480 Vl,
1507 1408 1569 1486 ep.
1590 1383 1628 1482 3,
1651 1384 1666 1460 1
1690 1415 1698 1463 :
1722 1415 1744 1456 a
1763 1385 1865 1465 Abcs
1883 1388 1998 1496 longe
2015 1395 2197 1494 peretrum.
2216 1423 2238 1463 a

491 1504 594 1582 ldem
619 1503 665 1582 ad
690 1505 887 1604 eumdem,
911 1504 939 1581 1.
961 1505 1028 1601 1Χ,
1049 1529 1113 1608 ep.
1136 1503 1174 1601 3,
1197 1504 1221 1581 2
1246 1535 1255 1581 :
1282 1507 1355 1582 «A
1377 1507 1593 1586 Brundusio
1619 1509 1729 1589 nulla
1753 1510 1876 1590 adhuc
1901 1513 2005 1592 lama
2028 1525 2195 1594 venerat.
2218 1549 2238 1587 a

491 1629 610 1726 Idem,
627 1628 674 1707 de
689 1629 862 1727 Senect,
880 1655 914 1708 c.
932 1629 972 1728 t,
993 1629 1068 1707 to:
1091 1660 1112 1701 a
1136 1628 1456 1709 Adulescentulus
1480 1631 1591 1711 miles
1613 1635 1666 1710 nd
1687 1635 1859 1740 Capuam
1883 1639 2076 1742 proiectus
2099 1666 2238 1718 sum.»

491 1753 609 1852 ldem,
627 1755 740 1832 Verr.
764 1761 840 1832 act.
858 1755 903 1850 11,
926 1753 954 1830 l.
979 1755 1008 1853 1,
1035 1780 1071 1831 c.
1093 1754 1159 1853 tt,
1182 1753 1255 1830 123
1275 1784 1283 1831 :
1302 1785 1323 1826 «
1337 1754 1472 1833 Caeteri
1488 1755 1658 1836 baeredes
1674 1758 1817 1839 adeunt
1831 1762 2068 1842 odVerrem.
2084 1795 2105 1836 a
2119 1763 2237 1860 idem,

491 1877 537 1956 ad
559 1878 691 1974 Quint.
716 1880 799 1975 Fr.,
821 1879 848 1955 1.
873 1879 935 1974 lll,
957 1904 1020 1982 ep.
1040 1878 1078 1976 3,
1100 1878 1116 1954 1
1140 1909 1149 1956 :
1173 1877 1317 1957 «Diem
1341 1879 1435 1958 scito
1457 1903 1538 1959 esse
1558 1881 1726 1980 nullum,
1750 1911 1825 1989 quo
1846 1889 1908 1966 die
1926 1913 2005 1967 non
2027 1887 2153 1967 dicam
2174 1915 2239 1993 pro

491 2026 606 2082 reo.»
626 2003 748 2101 Idem,
764 2004 876 2081 Verr.
896 2009 970 2081 act.
989 2004 1034 2099 11,
1053 2003 1081 2080 l.
1100 2004 1129 2100 1,
1146 2028 1181 2082 c.
1200 2003 1266 2096 17,
1286 2002 1360 2081 tta
1382 2034 1390 2080 :
1413 2034 1434 2075 ι(
1449 2005 1663 2108 impetrant
1681 2018 1725 2084 ut
1741 2034 1791 2086 ne
1807 2008 1995 2114 jurent.»
2015 2013 2119 2093 idem
2136 2015 2241 2092 Mar-

491 2128 603 2224 cello,
622 2129 751 2225 Fam„
776 2128 803 2205 1.
827 2127 911 2225 XV,
933 2153 995 2232 ep.
1019 2128 1081 2226 10,
1100 2127 1150 2205 2:
1174 2129 1348 2207 «Frater
1370 2136 1458 2206 tuus
1480 2131 1617 2232 quanti
1633 2156 1695 2210 me
1715 2132 1831 2213 iaciat
1851 2161 2079 2243 semperque
2093 2138 2235 2224 lecerit,

491 2278 571 2334 esse
585 2253 773 2332 homonem
786 2252 852 2357 qui
867 2252 1017 2359 ignoret
1028 2253 1192 2332 arbitror
1206 2253 1422 2333 neminem.
1441 2287 1460 2326 a

530 2491 569 2558 Ut
584 2494 739 2576 proprium
761 2498 917 2556 oratorum
939 2500 986 2556 est
1007 2499 1114 2555 ornate
1136 2497 1269 2574 apteque
1292 2492 1337 2553 di·
1375 2490 1542 2574 petenda.
1559 2493 1661 2557 Satius
1675 2497 1757 2558 enim
1768 2497 1867 2560 multo
1879 2498 2068 2562 astharouou
2076 2500 2236 2581 attingere,

489 2612 569 2671 cere,
592 2592 633 2656 ita
653 2611 760 2656 eorum
782 2601 829 2655 est
861 2593 900 2656 de
924 2594 1072 2656 inornate
1094 2591 1239 2654 orationis
1260 2590 1337 2654 vitiis
1393 2608 1487 2671 quam
1501 2590 1540 2652 de
1554 2591 1589 2654 iis
1600 2593 1706 2670 jejune
1720 2611 1833 2678 agere·

488 2709 589 2771 agere.
616 2690 728 2753 Verum
750 2690 895 2772 quoniam
926 2689 1114 2770 grammatici
1136 2688 1229 2750 etiam
1253 2687 1336 2750 banc
1433 2686 1620 2770 Relinquant
1633 2691 1738 2772 itaque
1752 2691 1941 2771 grammatici
1953 2693 2034 2756 hano
2043 2699 2160 2775 partem
2171 2695 2238 2759 rbe-

487 2793 606 2870 partem
620 2788 797 2868 attigerunt,
812 2807 873 2851 non
888 2788 1059 2868 putavimus
1069 2786 1194 2849 omnino
1208 2792 1335 2866 proeter·
1392 2783 1518 2860 toribus,
1536 2794 1627 2868 atque
1642 2787 1715 2848 illud
1731 2787 1833 2868 potius
1847 2789 2021 2868 observent,
2034 2791 2234 2873 interrogandi

488 2886 667 2949 mittendam
681 2905 747 2949 esse
760 2886 903 2948 intactam
910 2904 920 2964 ;
936 2903 1111 2967 quanquam
1126 2884 1181 2965 ipsi
1191 2902 1261 2946 eam
1273 2901 1335 2946 nou
1393 2898 1481 2942 casus
1505 2891 1670 2960 terrorum,
1695 2884 1837 2964 peritiam,
1861 2885 2151 2970 praepositiouasque
2170 2909 2236 2970 pro-

489 2987 670 3061 r'aorautom,
684 2985 739 3046 sed
749 2983 951 3045 inordinatam
963 2983 1125 3065 appellant.
1142 2981 1333 3056 Diomedem,
1392 2977 1463 3058 priis
1474 2979 1613 3042 locorum
1624 2981 2235 3049 nominibusetiamaCioeroueinterdum

488 3083 510 3143 l.
524 3082 561 3158 ll,
578 3101 609 3163 p.
625 3084 696 3156 tte,
713 3088 795 3143 certe
809 3080 936 3143 arbitror
950 3080 1273 3162 inornatamseriptum
1287 3098 1336 3141 re·
1391 3075 1462 3137 addi
1467 3093 1478 3154 3
1502 3079 1646 3140 eumdem
1667 3080 1829 3143 verborum
1850 3081 2083 3163 prepositiones
2100 3102 2237 3149 nonnun-

488 3179 622 3262 liquisse,
632 3179 788 3261 quomodo
795 3178 996 3250 Quintilianus
1009 3180 1086 3242 solet
1093 3197 1213 3255 vocare,
1223 3179 1244 3241 l.
1256 3176 1321 3239 Vlll
1324 3223 1335 3255 ,
1391 3191 1483 3254 quam
1497 3193 1602 3238 rursus
1611 3177 1732 3240 casibus
1745 3195 1912 3260 apponere,
1929 3197 2106 3262 nomenque
2120 3188 2236 3244 antece

488 3297 517 3339 c.
531 3280 560 3355 3,
576 3280 628 3353 50,
643 3277 694 3339 ubi
708 3276 747 3338 de
761 3277 828 3355 ejus
843 3276 921 3338 vitiis
943 3277 1015 3357 agit.
1039 3277 1209 3352 «Vitanda,
1224 3278 1334 3360 lnquit,
1391 3269 1467 3333 dens
1490 3289 1552 3334 non
1579 3273 1679 3336 solum
1701 3275 1830 3339 relativo
1852 3294 2043 3357 preponere,
2068 3278 2123 3341 sed
2149 3280 2234 3342 etiam

488 3381 518 3434 et
543 3373 668 3450 μείωσις,
693 3390 763 3435 cum
783 3373 916 3435 sermoni
929 3372 1014 3436 deest
1033 3374 1147 3455 aliquid
1167 3376 1333 3456 quominus
1391 3369 1596 3450 subjungere3
1611 3379 1644 3432 ut
1667 3391 1703 3435 oc
1722 3374 1807 3455 apud
1826 3375 1971 3437 eumdem
1992 3375 2233 3458 frequentissime

488 3473 596 3553 plenus
619 3471 673 3550 sit;
697 3489 873 3552 quanquam
899 3470 931 3533 id
951 3471 1088 3535 obscurae
1110 3473 1212 3554 potius
1236 3492 1331 3555 quam
1391 3467 1534 3549 reperiri;
1564 3489 1647 3532 nemo
1660 3471 1744 3534 bomo
1766 3471 1943 3554 aliquando,
1965 3493 2037 3536 cum
2051 3484 2085 3536 ut
2101 3483 2134 3538 et
2152 3476 2232 3538 tona

396 3577 399 3586 ’
487 3572 634 3632 r'aoraatu
652 3568 796 3631 orationis
815 3568 921 3630 vitium
934 3573 1021 3632 est.»
1039 3569 1129 3632 Primi
1148 3571 1210 3632 vitii
1227 3590 1331 3634 errem·
1391 3581 1617 3645 supervacanea
1650 3587 1716 3632 esse
1749 3569 1920 3632 videantur.
1962 3571 2055 3634 llulta
2087 3580 2233 3654 preterea

487 3667 571 3746 plum
590 3665 1014 3748 consulto·praetermisimus;
1029 3669 1111 3749 quod
1135 3686 1193 3732 nec
1206 3668 1326 3745 Cicero,
1392 3662 1530 3741 eiusdem
1545 3665 1666 3745 generis
1676 3665 1758 3748 apud
1777 3667 1922 3731 cumdem
1935 3667 2074 3751 aliosque
2087 3669 2164 3732 viros
2181 3669 2236 3732 do

486 3781 543 3827 nec
556 3763 768 3839 Quintilianus,
784 3764 900 3845 pudore
914 3765 1061 3847 impediti,
1072 3767 1137 3830 sine
1151 3767 1328 3832 circuitione
1390 3761 1634 3842 1108111111111111,
1648 3762 1673 3825 si
1686 3781 1741 3827 eos
1762 3764 1925 3845 diligenter
1937 3765 2117 3829 evolverint.

486 3861 551 3924 ausi
562 3866 635 3924 suut
643 3877 811 3942 apponere.
827 3861 922 3926 llullo
935 3863 1022 3942 plura
1035 3864 1106 3925 vitia
1119 3865 1236 3945 detegit
1251 3865 1332 3928 idem
1430 3854 1533 3921 Poetis
1545 3857 1663 3922 dabunt
1673 3860 1805 3939 veniam,
1816 3861 1840 3923 si
1852 3863 1978 3943 quando
1989 3863 2103 3946 aliquid
2112 3863 2239 3927 addide·

485 3958 698 4035 Quintilianus,
710 3977 779 4039 que
788 3958 997 4023 adolescentes
1010 3978 1081 4022 eum
1090 3961 1129 4023 ad
1139 3969 1238 4025 artem
1252 3962 1332 4028 bene
1389 3952 1461 4031 fini,
1472 3955 1558 4037 (111011
1572 3957 1662 4038 Plane
1676 3959 1810 4022 0111111111
1822 3959 1985 4038 videbitur,
2006 3960 2180 4041 cujusmodi
2193 3971 2237 4023 111

485 4053 606 4117 dicendi
616 4054 893 4134 gradumleoerint,
901 4065 1096 4138 cognoscent
1106 4057 1164 4132 Qui
1170 4060 1252 4121 enirn
1264 4059 1331 4123 fieri
1388 4049 1464 4114 1111111
1473 4052 1601 4133 Virgilii,
1616 4055 1688 4117 AEss·
1701 4055 1741 4134 V,
1755 4058 1878 4120 114671

485 4157 586 4232 potest
599 4161 633 4215 ut
651 4153 747 4216 modo
769 4153 919 4234 intelligat
938 4154 1013 4237 quid
1035 4156 1073 4219 sit
1099 4155 1326 4236 dvocaovtpqrov,
1514 4231 1627 4247 .....
1644 4196 1764 4263 ΜΨ,
1774 4197 1972 4264 mmmm
1979 4198 2091 4250 dim·

484 4249 655 4328 ἀσκήματον,
668 4253 875 4324 assotae,
889 4253 949 4317 hoc
961 4261 1019 4330 eut,
1034 4253 1119 4336 quod
1132 4255 1213 4319 male
1224 4255 1331 4338 dispo·

483 4349 588 4425 sitam,
617 4347 783 4430 figuratum
804 4351 1049 4436 collocatamque
1071 4359 1129 4430 est,
1157 4373 1229 4418 cum
1252 4356 1328 4438 quid
1386 4315 1728 4397 1d0m’AE⁰·¹’v·⁰¹³

483 4447 647 4528 disponere,
666 4448 740 4531 quid
759 4449 906 4532 piparare,
924 4451 999 4533 quid
1019 4454 1162 4517 collocare
1179 4455 1227 4531 sit,
1243 4473 1331 4536 pror·
1513 4497 1622 4514 .....
1638 4464 1782 4528 aaronque
1795 4469 1823 4516 et
1837 4463 2055 4529 nouustmper
2067 4463 2132 4515 uros

483 4559 536 4603 sus
559 4541 717 4623 ignorentt
739 4543 829 4627 'tropi
853 4545 947 4607 etiam
969 4553 1061 4628 atque
1083 4549 1249 4627 schemata,
1272 4569 1327 4614 seu
1542 4540 1676 4607 1111111111·

484 4634 587 4716 figure
599 4645 666 4702 tum
679 4641 856 4722 verborum,
870 4651 936 4705 tum
957 4645 1189 4725 sententiarum,
1211 4647 1324 4730 quibus
1386 4663 1554 4748 nimique
1569 4667 1651 4730 enim
1668 4669 1917 4747 conjunctionem
1931 4689 1987 4752 q„
1999 4670 2087 4733 meu-j
2104 4669 2233 4733 m.

482 4735 579 4798 oeatio
590 4735 656 4820 ipsa
675 4738 706 4802 lu
719 4740 822 4822 primis
841 4747 980 4820 ornatur,
991 4740 1031 4804 ab
1045 4743 1154 4808 eadem
1175 4752 1241 4812 arte
1254 4754 1327 4813 arrut
1386 4765 1448 4824 mo
1462 4759 1794 4841 oomrficrus‚addiffit‚
