4678 6162
1163 392 1206 444 DE
1225 391 1347 444 vannis
1369 393 1537 446 Poarlcts.

1011 663 1347 745 EPENTHESlS
1403 677 1673 770 y’nnnuonarr).

529 890 619 969 556.
649 889 877 994 Epeatiresia
894 899 950 972 esl
970 918 1058 974 eum
1074 892 1200 975 medio
1219 894 1396 975 diationis
1411 895 1521 976 litera
1539 904 1606 976 aul
1620 896 1769 1004 syllaba
1784 896 2028 1004 intery'ieitur,
2046 906 2089 976 ul
2103 900 2206 978 relli-

475 1041 584 1122 quias
596 1039 665 1121 pro
681 1015 878 1121 reliquias,
895 1016 1044 1097 Mavors
1058 1044 1125 1124 pro
1140 1019 1261 1118 Mars,
1277 1023 1408 1099 nauita
1422 1046 1489 1126 pro
1504 1033 1637 1101 nauta.
1655 1021 1852 1130 Virgilius,
1870 1025 1961 1103 AEn.
1979 1025 2009 1120 l,
2023 1049 2060 1101 v.
2079 1022 2152 1102 34:

867 1200 969 1279 Troas,
986 1202 1140 1284 relliquias
1155 1204 1294 1267 Danaum
1305 1212 1398 1287 atque
1412 1204 1536 1269 immitis
1549 1205 1690 1268 Achillei.

477 1354 992 1453 sammaritae:
1060 1371 1063 1378 ·

866 1531 992 1597 Fecerat
1003 1540 1035 1596 et
1049 1532 1135 1596 viridi
1148 1532 1252 1597 loetarn
1268 1533 1415 1596 Mauortis
1427 1534 1458 1597 in
1471 1541 1559 1598 antro

865 1629 1193 1712 Procubuisselupam.

473 1779 642 1879 Ovidius,
660 1783 763 1861 Fasl.
783 1783 828 1880 ll,
844 1807 881 1860 v.
902 1784 971 1862 l0l
992 1814 1000 1862 ε

867 1959 945 2032 Quid
958 1958 1014 2022 tibi
1026 1977 1098 2024 eum
1113 1959 1235 2040 gladio?
1249 1958 1375 2024 dubiam
1389 1979 1475 2042 rege,
1487 1962 1600 2037 nauita,
1614 1961 1732 2043 pinum.

563 2259 856 2345 PARAGOGE
907 2272 1144 2369 (nararnru)
1179 2289 1246 2343 seu
1283 2261 1728 2344 PROPARALEPSlS
1779 2273 2123 2368 (malesanum).

527 2493 616 2573 557.
650 2495 847 2600 Parayoqe
864 2519 931 2574 seu
944 2497 1237 2601 proparalepsis
1255 2494 1410 2596 dieitur,
1432 2523 1521 2577 eum
1543 2501 1719 2576 extremae
1741 2493 1898 2602 syllabae
1914 2493 2058 2600 aliquid
2074 2495 2208 2602 adjun-

471 2616 589 2727 gitur,
607 2627 648 2699 ut
660 2620 833 2700 deludier
847 2644 917 2726 pro
938 2622 1084 2719 deludi,
1101 2624 1298 2701 admittier
1312 2646 1381 2728 pro
1401 2623 1567 2702 admitti.
1585 2619 1800 2719 Terentius,
1825 2619 1947 2700 Andr.
1967 2627 2041 2701 ael.
2060 2621 2090 2718 l,
2106 2647 2155 2701 se.
2172 2621 2205 2716 3,

473 2771 509 2822 v.
529 2744 604 2825 203
625 2775 634 2822 ι

866 2883 967 2948 Ubivis
980 2885 1099 2950 lucilius
1114 2905 1218 2970 passus
1228 2887 1297 2962 sim,
1310 2905 1404 2970 utram
1418 2887 1447 2951 in
1461 2887 1519 2952 hae
1532 2906 1577 2966 re,
1593 2905 1644 2952 me
1656 2885 1803 2950 deladur.

474 3036 670 3145 Virgilius,
688 3040 778 3118 AEn.
796 3038 861 3137 lX,
879 3065 917 3116 v.
938 3038 1013 3118 230
1032 3069 1040 3117 :

1169 3225 1310 3244 .....
1332 3180 1411 3244 Tum
1424 3180 1515 3244 Nisus
1528 3188 1561 3244 et
1574 3199 1634 3244 una

867 3275 1016 3359 Euryalus
1030 3276 1190 3342 confestim
1201 3277 1315 3342 alacres
1325 3279 1479 3342 admittier
1492 3283 1591 3342 orant.

1028 3581 1348 3662 APHAERllSlS
1405 3592 1660 3686 (nonanus).

528 3813 619 3892 558.
651 3810 780 3893 Litera
801 3813 861 3891 vel
881 3810 1028 3918 syllaba
1056 3811 1245 3918 principio
1268 3809 1445 3892 diationis
1466 3813 1672 3912 subtracta,
1689 3815 1896 3918 aphaeresis
1919 3814 2146 3920 appellatur,
2174 3819 2212 3891 nt

476 3965 546 4018 raa
558 3962 625 4043 pro
640 3963 747 4030 arua,
765 3947 888 4017 temao
902 3960 972 4043 pro
987 3947 1198 4016 contemno.
1217 3936 1416 4045 Virgilius,
1431 3941 1522 4019 AEn.
1541 3939 1623 4036 Xll‚
1639 3965 1677 4017 v.
1693 3938 1768 4017 453
1784 3969 1792 4016 :

1269 4113 1357 4179 Dabit
1369 4115 1420 4178 ille
1431 4116 1535 4180 minas

867 4213 1045 4292 Arboribus,
1057 4221 1250 4297 stragemque
1263 4215 1345 4291 satis,
1358 4224 1424 4279 ruet
1438 4216 1538 4280 omnia
1555 4216 1627 4279 late.

1079 4489 1325 4571 SYNCOPE
1385 4505 1610 4594 (arraona).

529 4725 619 4806 559.
649 4726 821 4831 Syneope
840 4722 992 4805 literam
1009 4723 1071 4807 vel
1091 4724 1280 4833 syllabam
1301 4751 1322 4806 e
1345 4724 1472 4806 medio
1498 4721 1676 4806 diationis
1697 4719 1904 4823 subtrabit,
1926 4731 1969 4801 ut
1986 4721 2215 4827 gubernaclo

476 4877 544 4961 pro
566 4851 836 4958 yubemaeato,
857 4852 1019 4956 periclis
1034 4875 1104 4957 pro
1119 4852 1316 4957 pericula,
1336 4855 1440 4931 vibet
1454 4877 1522 4956 pro
1539 4854 1708 4949 aruisset,
1730 4852 1923 4930 eetmeem
1939 4873 2008 4955 pro
2027 4851 2214 4930 exama-

474 5003 569 5057 aem.
584 4974 783 5084 Virgilius,
800 4977 891 5056 AEn.
907 4975 957 5077 V,
974 5002 1011 5054 v.
1029 4975 1107 5055 859
1122 5008 1130 5055 :

873 5152 1012 5236 Cumque
1025 5151 1198 5237 maenaa
1211 5153 1342 5236 liquidas
1352 5153 1480 5237 proleeit
1493 5153 1524 5218 in
1538 5153 1636 5218 undas

869 5253 1071 5336 Praecipitem.
