4646 6164
484 479 559 556 418
1081 505 1125 556 ns
1144 504 1371 557 sunussnnuu
1391 506 1615 563 usurusrons.

484 636 683 745 Virgilius,
702 639 793 717 AEn.
812 639 877 729 lX,
895 663 930 716 v.
948 637 1024 716 588
1043 667 1051 715 :

1041 866 1183 884 .....
1208 823 1385 905 Liquelaoto
1398 831 1535 906 tempora
1547 827 1675 910 plumbo

879 918 1014 1000 niffen,
1026 937 1061 982 ac
1074 920 1171 982 multa
1180 928 1358 1002 porrectum
1368 924 1504 987 extendit
1513 943 1615 989 arena¹

1220 1172 1491 1268 sensuum.

545 1345 803 1452 Compositum
818 1345 1092 1426 ussermann
1104 1345 1361 1450 penultimam
1376 1373 1641 1430 communem.
1658 1352 1854 1451 Lucanus,
1873 1350 1902 1428 Ι.
1919 1349 1980 1450 lll,
1998 1377 2035 1427 v.
2053 1351 2120 1427 471
2142 1382 2149 1425 ι

880 1528 1015 1592 Absotdit
1025 1529 1159 1610 impulsu
1173 1537 1336 1593 ventorum
1350 1532 1454 1612 adjuta
1465 1539 1611 1597 vetustas.

490 1695 608 1793 ldem,
628 1693 655 1770 l.
673 1691 737 1790 lV,
752 1717 790 1769 v.
810 1689 885 1769 503
904 1721 913 1768 ε

886 1873 1024 1936 Abscidit
1036 1880 1146 1938 nostra
1160 1876 1294 1939 multum
1306 1895 1372 1940 sors
1385 1877 1486 1940 invida
1499 1879 1594 1944 laudi.

493 2037 610 2136 ldem,
623 2036 651 2115 l.
667 2036 733 2136 Vl,
750 2061 788 2114 v.
805 2035 879 2114 663
899 2066 907 2113 :
977 2117 982 2128 ,

887 2220 941 2285 llla
951 2239 1073 2286 comam
1085 2221 1161 2284 lova
1173 2223 1316 2286 morienti
1329 2222 1452 2286 obrodit
1465 2223 1597 2306 ephebo.

494 2382 688 2484 Martialis,
705 2383 732 2462 l.
751 2385 815 2482 lll,
833 2381 956 2490 epigr.
974 2380 1040 2479 66,
1056 2406 1091 2458 ν.
1111 2381 1134 2460 2
1153 2412 1162 2460 :

884 2563 1016 2627 Arsada
1028 2563 1131 2628 vultus
1144 2563 1226 2628 ensis
1241 2569 1371 2648 uterque
1385 2534 1496 2630 sacros.

531 2785 1328 2869 Quid,siobnuitoumpenultimamhabetlongsm,
1391 2786 1483 2864 rodo,
1508 2807 1535 2852 ιε
1561 2787 1592 2850 in
1623 2808 1632 2848 r
1660 2787 1787 2869 longum
1811 2793 1941 2866 mutata,
1967 2791 2166 2872 componitur?
2187 2793 2213 2848 ut

491 2905 553 2952 non
568 2907 585 2950 a
598 2887 689 2951 verbo
703 2885 847 2965 meando,
866 2886 921 2949 sed
944 2904 984 2986 ⁸¹.
1002 2883 1213 2966 propositione
1228 2884 1279 2947 aba
1299 2892 1330 2948 et
1391 2884 1531 2964 muodo,
1543 2904 1581 2948 ex
1594 2885 1979 2964 mretroedmetobrcondo,
1991 2884 2213 2950 exometcoodo.

1155 3249 1494 3330 PRAECEPTUM
1527 3249 1576 3328 V.

608 3535 685 3627 llll
717 3536 1073 3664 ennuunluls
1102 3533 1533 3628 GEMlNAN'llBUS
1562 3531 1795 3626 PRIMAM
1826 3536 2123 3631 slunsnsn

550 3805 641 3883 450.
678 3805 774 3886 Cum
792 3804 918 3910 prima
934 3803 1083 3909 syllaba
1100 3801 1284 3907 praeteriti
1303 3801 1538 3910 geminatur,
1555 3803 1689 3884 eadem
1704 3812 1742 3884 et
1756 3805 1925 3886 secunda
1941 3807 2065 3887 brevis
2077 3814 2144 3904 est,
2158 3805 2220 3885 nisi

494 3931 650 4009 obstent
663 3931 748 4010 duae
761 3936 1029 4026 consonantes,
1043 3935 1086 4006 ut
1099 3931 1219 4031 tetigi,
1235 3930 1384 4032 popam,
1401 3931 1530 4006 εέιῆηί.
1549 3926 1747 4035 Virgilius,
1766 3931 1904 4038 Georg.
1924 3931 1988 4028 lV,
2007 3959 2043 4010 v.
2060 3931 2153 4010 566:

894 4111 1005 4194 Tityre,
1020 4117 1050 4174 to
1062 4111 1174 4194 patulae
1189 4111 1279 4174 motai
1290 4111 1347 4174 sub
1361 4110 1497 4189 tegmine
1510 4110 1583 4192 lagi.

1229 4363 1500 4436 EXCEPTIO.

557 4541 805 4648 Excipiuntur
828 4542 947 4620 cecidi
962 4567 984 4620 a
1002 4541 1117 4640 eoedo,
1132 4542 1275 4646 pepedi
1292 4566 1314 4619 a
1329 4542 1444 4646 pedo,
1468 4538 1509 4617 in
1532 4539 1672 4643 quibus
1687 4544 1858 4623 secunda
1871 4542 1989 4651 longa
2003 4553 2073 4646 est,
2088 4552 2130 4624 ut
2142 4541 2220 4624 etin

504 4667 550 4746 iis
563 4667 602 4746 in
619 4666 757 4771 quibus
771 4666 854 4746 duae
875 4673 1130 4746 consonantes
1150 4670 1378 4768 sequuntur,
1402 4671 1445 4743 ut
1466 4673 1635 4762 sucurre,
1660 4666 1816 4745 tetendi.
1841 4667 2052 4767 luvenalis,
2073 4669 2147 4748 Sat.
2168 4668 2217 4761 ΙΙΙ,
2302 4775 2303 4796 ,

505 4819 541 4870 v.
558 4791 633 4870 278
652 4823 660 4870 :

899 4937 1007 5002 Ebrius
1019 4956 1056 5001 ao
1066 4936 1218 5020 petulans,
1233 4937 1287 5020 qui
1300 4935 1420 4999 nullum
1431 4935 1511 5000 forte
1524 4934 1637 5014 ratolt,

897 5034 955 5098 Dat
964 5053 1077 5118 ponas.

549 5233 993 5314 Praetermisimuspraeoeptum
1007 5230 1093 5310 illud,
1108 5230 1191 5313 quod
1206 5229 1346 5295 nonnulli
1400 5227 1484 5291 finita
1496 5228 1697 5308 penultimam
1720 5227 1831 5292 habere
1844 5228 1979 5311 tongam,
2001 5241 2035 5296 ut
2048 5231 2220 5311 ooni,strun',
2301 5239 2302 5322 t

508 5331 644 5409 tradunt,
674 5329 823 5412 praeterita
842 5328 955 5410 syllaba
971 5328 1002 5391 ut
1020 5346 1077 5410 per
1097 5333 1346 5392 voonsonantam
1402 5325 1633 5407 amovi,penut;
1647 5343 1719 5389 nam
1733 5325 1891 5408 dissyllaba
1907 5329 1947 5392 od
1960 5325 2220 5414 praeoeptionsmds
2300 5373 2302 5428 1
