4646 6166
443 553 517 633 118

477 712 594 780 Nonius
611 713 782 794 Marcellus,
795 731 824 777 c.
839 715 871 793 ’1,
890 717 921 792 1,
935 713 975 776 ι1ε
990 713 1147 780 contrariis
1164 717 1285 796 generi·

438 814 497 878 bus
508 814 686 892 verboram,
696 813 822 877 murrae
831 820 864 877 ει
869 813 1016 895 passam
1027 814 1106 878 solet
1115 814 1282 896 appellare,

436 919 475 976 ut
486 913 624 996 plerique
637 913 824 994 grammatici
840 931 848 975 :
868 913 1060 994 «Aucupaoi,
1076 913 1192 995 inquit,
1210 915 1285 977 acti·

438 1030 511 1076 vum
535 1010 671 1094 positum
693 1029 749 1093 pro
769 1011 899 1092 passivo.
927 1011 1074 1074 Titinnius
1097 1012 1251 1076 Veliterno
1272 1032 1280 1076 :

441 1109 508 1172 ald
527 1128 586 1190 ego
607 1108 760 1190 aucupavi,
781 1107 887 1189 plenas
906 1108 1006 1171 aureis
1019 1109 1125 1173 aliero.
1140 1132 1155 1170 a
1168 1110 1281 1192 Plaut,

437 1207 560 1273 Tmcul.
575 1213 635 1272 act.
650 1207 688 1286 V,
699 1227 730 1270 r.
745 1208 808 1271 ¹12:

498 1359 595 1428 leplde
605 1365 735 1413 mecastor
747 1360 883 1427 campani
884 1395 1021 1412 ......
1035 1373 1049 1406 u

435 1499 482 1570 Ex
495 1503 542 1567 bis
554 1503 631 1570 locis
644 1503 842 1583 intelligimus
856 1502 1090 1580 Quintilianum,
1104 1501 1238 1566 Gellium
1252 1508 1284 1567 ει

434 1603 580 1681 Nonium,
603 1622 672 1686 quse
693 1601 869 1682 Diomedes,
890 1608 922 1665 et
940 1602 1089 1680 Donatus,
1109 1607 1140 1664 et
1156 1601 1283 1666 Priscia—

435 1719 503 1780 nus,
517 1700 630 1784 aliique
643 1699 833 1780 grammatici
847 1705 957 1764 vocant
974 1700 1165 1782 deponentia,
1178 1701 1282 1782 appel·

434 1800 512 1865 lass
524 1800 616 1863 verda
628 1799 777 1882 potiendi,
787 1805 842 1863 aut
851 1819 917 1882 qua
929 1799 1060 1882 figuram
1066 1799 1128 1862 sire
1141 1807 1282 1861 naturam

433 1898 569 1984 patiendi
580 1898 697 1977 tabeat,
712 1905 766 1963 aut
777 1900 907 1981 mauro.
928 1899 1008 1963 Sunt
1022 1898 1204 1982 deponentia
1213 1918 1282 1980 pas·

361 2055 365 2063 .
434 1998 497 2063 siva
510 1997 649 2081 quidem,
663 1999 718 2062 sed
730 2017 806 2062 vocc
820 1998 883 2062 sive
894 1998 977 2062 exitu
988 2005 1121 2062 tantum.

474 2095 656 2162 Communia
677 2096 787 2160 eodem
808 2096 935 2160 nomine
955 2116 974 2160 a
994 2096 1092 2162 Gellio
1116 2096 1279 2173 dicuutur,

434 2197 456 2261 l.
471 2195 539 2275 tlt,
556 2215 585 2260 c.
601 2197 640 2257 13
655 2214 665 2258 :
684 2217 700 2256 a
716 2195 806 2274 Utor,
820 2202 852 2258 et
864 2216 980 2276 vereor,
995 2202 1027 2260 ει
1039 2197 1158 2274 tortor,
1171 2201 1203 2259 et
1213 2215 1281 2258 cou-

433 2297 525 2372 solor,
545 2293 722 2359 communia
735 2295 828 2358 rerba
842 2300 926 2373 suut,
941 2313 977 2358 ac
991 2294 1051 2357 dici
1064 2300 1196 2377 utroque
1217 2313 1281 2358 rer·

434 2413 486 2457 sus
499 2399 629 2475 possunt
645 2410 655 2454 t
675 2411 778 2456 uereor
794 2401 823 2456 te
838 2399 869 2456 et
887 2412 991 2456 vereor
1008 2393 1059 2456 alls
1076 2401 1116 2471 te,
1130 2393 1231 2472 idest,
1245 2398 1280 2456 tu

434 2510 486 2555 mo
498 2491 627 2567 vereris;
637 2500 707 2554 utor
719 2498 747 2553 te
762 2496 792 2553 et
801 2500 871 2552 utor
880 2490 978 2569 abste,
990 2490 1021 2554 id
1034 2497 1092 2570 est,
1107 2497 1142 2555 ιιι
1154 2509 1204 2555 me
1218 2497 1281 2554 ute·

433 2595 474 2658 ris
478 2611 490 2675 ;
504 2593 610 2656 tortor
623 2601 651 2656 te
667 2599 699 2655 ει
717 2593 822 2655 tortor
835 2593 884 2656 als
898 2603 937 2673 te,
949 2592 980 2656 id
994 2599 1052 2672 est,
1068 2599 1102 2658 tu
1115 2612 1166 2658 me
1179 2594 1283 2657 borte-

433 2693 490 2775 ris;
512 2692 643 2757 cursolor
665 2700 694 2754 te
712 2698 745 2755 et
763 2692 897 2755 consolor
917 2691 968 2754 ads
989 2701 1028 2771 te,
1050 2692 1082 2756 id
1102 2698 1161 2770 est,
1179 2697 1214 2755 tu
1231 2711 1282 2756 me

433 2791 610 2856 consoleris.
629 2791 731 2854 Testor
745 2809 870 2873 quoque
885 2796 917 2856 et
933 2792 1116 2874 r'uterpretor
1133 2791 1282 2873 siguifica-

433 2890 517 2955 tioue
538 2890 696 2972 reciproca
714 2889 868 2953 dicuutur.
888 2888 968 2953 Sunt
986 2895 1089 2958 autem
1106 2890 1198 2954 verba
1217 2890 1282 2954 haec

433 2989 537 3052 omnia
551 3008 590 3051 ex
607 2986 702 3052 altere
716 2993 800 3071 parte
813 2987 973 3068 inusitata;
988 2993 1021 3053 et
1033 3006 1071 3052 an
1085 2987 1166 3051 dicta
1178 2987 1238 3051 siut
1251 2988 1283 3050 iu

433 3107 503 3153 eom
516 3107 641 3172 quoque
651 3092 770 3169 partem
782 3089 876 3170 quaeri
885 3088 976 3166 solet,
992 3094 1083 3152 etc.»
1101 3087 1283 3151 Affertuou·

433 3188 518 3252 nulla
538 3185 678 3268 exempla
699 3205 737 3251 ex
758 3186 874 3269 priscis.
897 3186 994 3252 Paulo
1014 3191 1084 3268 post
1100 3205 1109 3248 z
1127 3210 1142 3248 a
1163 3183 1282 3249 Testata

432 3285 540 3349 itidem
554 3291 585 3350 et
599 3287 796 3367 interpretato
807 3286 917 3349 eadam
927 3285 1045 3349 ratione
1055 3285 1153 3366 (dixit)
1162 3285 1202 3349 ll.
1212 3284 1281 3349 Tul-

434 3385 492 3448 lius
505 3384 535 3447 iu
549 3383 563 3448 l
575 3383 653 3448 libro
673 3383 713 3446 de
732 3383 940 3463 Divinatione,
962 3390 1116 3463 attestor,
1137 3385 1284 3465 iuterpre-

433 3493 544 3565 tarque
557 3482 649 3546 verba
667 3483 844 3547 communia
854 3482 951 3546 -videri
968 3482 1110 3546 debeant.
1126 3481 1282 3546 Sallustius

434 3600 558 3666 quoque
581 3579 692 3645 eodem
716 3581 809 3645 modo
831 3600 840 3645 ε
863 3581 1025 3663 Dilarpitis
1041 3581 1281 3665 proscriptorum

433 3681 522 3744 bonis
541 3679 633 3761 dicit,
644 3669 798 3762 'tauquam
810 3679 937 3744 verbum
951 3679 1068 3762 largior
1081 3680 1119 3743 sit
1132 3699 1171 3744 ex
1184 3680 1282 3744 verbis

434 3777 660 3843 communibus.
681 3799 699 3840 a
722 3777 819 3858 ldem,
842 3778 935 3860 paulo
957 3777 1082 3842 interius
1102 3799 1111 3843 ε
1134 3779 1281 3862 «dignor

433 3897 571 3962 quoque,
592 3884 623 3940 et
643 3896 779 3954 veneror,
798 3882 828 3940 et
848 3877 999 3959 confiteor,
1022 3884 1053 3940 et
1074 3886 1163 3940 testor
1179 3877 1282 3942 habita

434 3982 506 4040 sunt
518 3976 551 4039 iu
562 3975 663 4039 verbis
672 3974 898 4051 communibus,
910 3983 973 4039 etc.
987 3998 1003 4035 r

487 4161 567 4234 115.
591 4170 693 4234 Pauca
705 4169 900 4252 reperiuntur
913 4169 1004 4234 bodie
1018 4170 1110 4233 verba
1123 4187 1192 4251 que
1204 4188 1280 4252 pras-

1192 581 1411 653 rauranum,

1338 715 1440 797 eliqua
1462 712 1610 794 dignitate
1637 709 1855 776 antecedentes
1881 709 1967 772 cultu
1993 707 2130 790 quodam
2156 712 2189 769 et

1338 813 1454 877 bonore
1473 812 1650 893 dipacatur.
1672 831 1688 869 a
1711 806 1822 886 Tacit,
1843 807 1955 870 dunel.
1969 807 1993 870 l.
2007 805 2063 870 Xll
2072 851 2084 883 ‚
2097 823 2126 868 c.
2141 806 2162 867 a
2178 823 2187 869 :

1343 912 1569 992 «Designatum
1585 908 1744 974 consulem
1757 906 1935 971 llemmium
1955 906 2127 970 Pollionem
2140 903 2189 966 iu-

1339 1011 1481 1091 gentibus
1508 1008 1664 1092 promissis
1689 1006 1840 1070 iuducunt
1867 1005 2051 1069 seutentiam
2078 1021 2189 1085 expro-

1338 1128 1434 1186 mere,
1463 1127 1525 1192 qua
1552 1108 1729 1172 hortaretur
1754 1109 1797 1185 (l)
1826 1104 1970 1168 Claudius
1994 1103 2190 1185 despondere

1340 1209 1496 1273 Octaviam
1509 1208 1684 1273 Domitios
1699 1207 1847 1285 Scaevole,
1858 1205 1943 1288 Dig.‚
1957 1205 1979 1268 l.
1995 1204 2084 1284 XLV,
2097 1205 2147 1268 tit.
2163 1222 2189 1283 r,

1339 1309 1399 1390 leg.
1413 1311 1484 1388 133,
1493 1308 1533 1372 de
1543 1307 1715 1370 Verborum
1728 1304 1984 1387 obligationibus:
1999 1304 2101 1368 «Nam
2109 1303 2190 1368 εἰειιι

1339 1415 1370 1471 ει
1396 1407 1492 1489 ἰρείιιε
1518 1413 1550 1470 ει
1568 1405 1697 1470 haeredis
1715 1409 1829 1487 caput,
1851 1405 1891 1468 ita
1912 1410 1944 1469 ει
1964 1402 2059 1486 ipsius
2077 1402 2122 1464 vis
2140 1399 2190 1463 vel

1339 1505 1449 1588 saepius
1469 1505 1551 1570 lacta
1570 1505 1785 1586 complectitur.
1806 1525 1823 1563 r
1847 1501 1953 1567 Cicero
1965 1501 2047 1584 apud
2060 1499 2190 1563 Priscia-

1339 1622 1427 1682 uum,
1447 1605 1469 1668 1.
1492 1603 1581 1680 Vlll,
1599 1621 1653 1686 pp.
1670 1605 1728 1668 ’192
1745 1610 1857 1685 etseq.
1873 1622 1883 1665 z
1902 1600 2027 1683 «Cupio
2041 1617 2114 1663 eum
2126 1604 2189 1662 tarn

1339 1703 1485 1767 inuidiosa
1504 1701 1626 1768 fortuna
1647 1703 1809 1784 complecti.
1828 1701 1904 1764 lbid.
1926 1719 1935 1764 ι
1954 1699 2020 1765 11οε
2038 1699 2190 1762 recurat

1340 1803 1431 1866 etiam
1451 1807 1487 1864 ut
1505 1821 1524 1865 a
1543 1806 1575 1865 te
1596 1801 1674 1865 lictis
1694 1800 1874 1883 apprederer
1893 1799 1993 1865 donis.
2007 1798 2086 1862 lbid.
2105 1795 2188 1872 :oui

1339 1901 1433 1966 babet
1448 1899 1530 1964 ultro
1544 1899 1699 1982 appetitur
1704 1916 1715 1978 3
1730 1899 1784 1982 qui
1803 1904 1850 1962 est
1866 1916 1983 1980 pauper
1996 1905 2187 1978 aspernatur.

1341 1999 1463 2062 Asinius
1483 1998 1579 2063 Pollio
1596 1997 1680 2062 :Sed
1700 2016 1773 2061 cum
1794 1997 1834 2061 ob
1850 2015 1888 2061 ea
1906 2014 1975 2080 quae
1995 2013 2188 2079 speraveram

1342 2099 1497 2176 dolebam,
1518 2097 1689 2162 consolabar
1708 2097 1749 2160 ob
1772 2115 1808 2159 aa
1831 2115 1900 2178 quae
1920 2095 2019 2159 timui.
2042 2095 2187 2160 Verrius:

1341 2196 1522 2280 Saevitiaque
1535 2216 1643 2261 eornm
1655 2195 1924 2259 abmaimremrab
1936 2193 2090 2258 omnibus.
2106 2194 2189 2274 Nigi-

1341 2296 1410 2360 dius
1425 2315 1434 2359 :
1449 2295 1547 2361 Omne
1566 2313 1662 2379 pecus
1682 2295 1865 2359 indomitum
1885 2293 1978 2358 babet
1996 2292 2145 2375 quiddam
2156 2292 2187 2356 iu

1341 2413 1374 2457 se
1387 2393 1498 2468 lerum,
1517 2395 1573 2458 sed
1593 2399 1698 2457 tamen
1722 2411 1759 2456 ea
1780 2399 1888 2456 natura
1908 2398 1966 2471 est,
1986 2397 2021 2454 ut
2042 2391 2142 2456 cruori
2157 2397 2188 2455 et

1341 2493 1492 2556 dominari
1501 2493 1607 2575 possit.
1622 2491 1787 2557 Suetonius
1798 2492 1831 2555 iu
1843 2491 1909 2554 lllll
1922 2490 2091 2556 Pramum
2106 2509 2117 2554 τ
2133 2490 2188 2554 Fa·

1341 2592 1379 2656 sti
1389 2593 1455 2656 dies
1468 2598 1540 2656 suut
1552 2592 1583 2655 in
1595 2591 1706 2675 quibus
1716 2593 1767 2673 jus
1775 2593 1874 2675 senar.
1889 2590 2003 2655 Varro:
2019 2591 2068 2653 Ab
2082 2589 2189 2654 amicis

1342 2695 1529 2758 hortaretur.
1545 2694 1630 2758 ldem
1647 2713 1656 2758 ε
1671 2693 1750 2758 Utile
1765 2699 1890 2757 uturum
1909 2693 2023 2775 potius,
2041 2711 2138 2776 quam
2149 2693 2188 2755 ab

1340 2793 1425 2875 Rege
1439 2793 1607 2857 abutamur.
1623 2813 1639 2852 r
1658 2792 1772 2856 Omitto
1783 2810 1892 2857 eorum
1906 2792 2059 2874 exempla,
2074 2792 2129 2875 qui
2142 2792 2188 2855 lli-

1341 2911 1484 2957 cerouem
1497 2897 1585 2956 aetate
1598 2897 1843 2973 antecesserunt3
1858 2909 1928 2975 quae
1941 2891 1995 2974 qui
2007 2891 2092 2956 volet
2104 2891 2188 2974 apud

1340 2992 1485 3055 eumdem
1497 2991 1630 3054 inveniet
1644 3009 1653 3055 ι
1670 3009 1742 3054 uam
1756 2990 1896 3074 adipisci,
1912 2991 2062 3073 coempta,
2074 2991 2189 3073 ample·

1340 3091 1389 3166 cti,
1406 3090 1568 3169 admirari,
1584 3090 1794 3172 polliceantur,
1815 3090 1963 3171 affectari,
1982 3089 2187 3169 arbitrantur,

1339 3193 1541 3271 conspicatum,
1568 3190 1745 3267 consectari,
1772 3189 1989 3266 calumniatur,
2015 3188 2186 3267 demolitur,

1339 3288 1520 3371 depeculari,
1541 3287 1725 3369 delarpitur,
1745 3289 1946 3372 frustramur,
1967 3287 2086 3370 passive
2105 3287 2189 3351 dicta

1340 3387 1499 3469 intelliget.
1510 3386 1571 3450 Sed
1580 3404 1673 3450 nemo
1682 3386 1746 3451 fere
1759 3391 1806 3450 εει
1817 3387 1870 3470 qui
1884 3387 1998 3450 audeat
2009 3386 2057 3450 vel
2071 3404 2107 3449 ea
2120 3387 2191 3469 qui-

1339 3486 1398 3549 bus
1417 3484 1523 3549 Cicero
1544 3491 1591 3549 est
1612 3503 1685 3549 usus
1707 3504 1864 3568 usurpare,
1878 3491 1933 3550 sut
1952 3484 2091 3567 presenti
2108 3491 2189 3548 tem-

1340 3602 1415 3667 pore
1432 3590 1486 3648 aut
1498 3583 1689 3666 imperfecto.

1309 3652 1312 3757 l
1378 3682 1537 3766 Participia
1559 3680 1701 3764 praeteriti
1723 3681 1880 3764 temporis,
1904 3687 2095 3763 attempero
2116 3701 2189 3764 quae

1309 3772 1312 3827 l
1340 3780 1411 3844 inde
1432 3786 1611 3860 nascuntur,
1632 3780 1692 3844 boc
1712 3785 1770 3857 est,
1791 3779 1978 3860 praeteritum
2000 3778 2186 3862 perlectum,

1339 3878 1502 3962 plusquam
1523 3877 1706 3960 perfectum,
1727 3877 1869 3941 tutumm
1891 3875 2074 3960 perlectum,
2094 3877 2189 3940 usita-

1339 3978 1415 4042 tiora
1435 3982 1518 4041 sunt.
1539 3976 1615 4055 Lim,
1630 3977 1652 4039 1.
1667 3973 1820 4052 XXXVII,
1841 3994 1870 4038 c.
1892 3978 1913 4037 1
1935 3994 1944 4040 r
1970 3974 2187 4058 «Quanquam

1340 4075 1440 4139 omnis
1453 4093 1507 4139 ora
1520 4075 1670 4138 maritima
1684 4092 1804 4151 eorum,
1814 4093 1883 4155 que
1896 4073 1928 4136 iu
1940 4072 2188 4155 Peloponnesum

1338 4192 1424 4237 versa
1433 4179 1491 4252 est,
1503 4172 1681 4254 depopulato
1694 4173 1733 4235 ab
1747 4171 1867 4236 Acbaeis
1880 4179 1958 4235 erut.
1972 4192 1988 4231 a
2006 4172 2083 4251 Cic,
2096 4171 2185 4235 Varr.

432 4271 509 4336 senti
522 4275 661 4352 tempore
672 4267 868 4350 acproeterito
879 4267 1060 4350 imperfecto
1074 4269 1105 4332 in
1119 4274 1280 4353 utramque
1338 4279 1400 4335 act.
1417 4271 1459 4351 ll,
1475 4272 1497 4334 l.
1512 4269 1570 4348 111,
1581 4289 1611 4333 c.
1626 4272 1677 4348 11,
1694 4271 1753 4332 121
1769 4288 1778 4332 :
1798 4268 1950 4350 anectos
1971 4275 2104 4333 aratores
2119 4287 2188 4333 esse

432 4376 553 4454 partem
567 4366 719 4430 dicantur.
735 4365 863 4444 Seneca,
875 4369 993 4449 ep.90,
1008 4369 1028 4428 1
1043 4385 1051 4430 :
1070 4365 1281 4431 alulirmiores
1339 4369 1423 4450 dico;
1444 4387 1535 4450 agros
1552 4367 1717 4449 vectigales
1735 4377 1859 4430 vexatos
1880 4373 1972 4450 etque
1985 4367 2154 4431 exinanitos
2165 4385 2187 4429 a

432 4465 665 4532 evalidioribus
694 4464 861 4528 melanem.
892 4464 1009 4529 olllud
1031 4463 1116 4542 Livii,
1144 4465 1166 4527 l.
1195 4464 1280 4544 XXl,
1338 4467 1631 4549 Verre;populotam
1639 4472 1842 4548 vexatamque
1851 4465 2073 4548 provinciam.»
2086 4466 2184 4544 ldem,

432 4569 537 4632 cdl:
566 4563 673 4646 «lpse
696 4562 728 4626 iu
752 4563 884 4626 insulam
905 4563 1057 4641 llalitem,
1079 4582 1148 4647 quse
1170 4582 1189 4626 a
1210 4563 1279 4626 Car·
1338 4564 1377 4628 de
1394 4564 1531 4644 Senect,
1545 4583 1574 4628 c.
1590 4568 1642 4644 ll,
1657 4567 1719 4628 59:
1738 4563 1865 4628 allbari
1879 4583 1913 4628 se
1926 4581 1990 4628 uon
2004 4564 2099 4628 modo
2117 4563 2187 4626 dili·

430 4661 671 4744 thegiuieusibus
693 4659 856 4738 tenebatur,
882 4661 1001 4741 tmjecit
1005 4679 1016 4740 3
1038 4684 1054 4722 a
1076 4661 1183 4725 vitiose
1203 4660 1278 4742 legi-
1337 4663 1482 4744 gentiam,
1497 4663 1552 4727 sed
1565 4663 1659 4727 etiem
1674 4663 1829 4728 solertiam
1843 4664 1910 4744 ejus
1922 4681 1941 4726 a
1953 4681 2015 4746 quo
2028 4672 2119 4726 essem
2132 4662 2185 4726 illa

430 4771 480 4827 tur
494 4761 658 4845 aquodam
671 4760 816 4822 tuebatm.
832 4760 920 4838 ltem,
937 4759 1012 4823 illud
1032 4759 1133 4837 Plinii,
1155 4760 1176 4822 l.
1197 4759 1278 4837 vlll,
1337 4760 1468 4824 dimensa
1488 4767 1581 4844 atquo
1603 4762 1764 4844 descripta.
1786 4782 1801 4821 r
1822 4760 1922 4841 Idem,
1941 4760 1982 4825 de
1995 4761 2065 4825 Nat.
2081 4760 2209 4838 deor.,'

431 4883 461 4928 c.
488 4864 540 4940 ro,
559 4864 589 4938 3,
611 4859 650 4922 (ιε
677 4857 817 4942 Capris:
849 4858 1019 4923 «Tradunt
1039 4865 1071 4922 et
1092 4865 1188 4922 noctu
1212 4874 1274 4921 uon
1339 4859 1362 4922 l.
1377 4857 1414 4938 11,
1429 4879 1458 4924 c.
1473 4863 1525 4939 aa,
1545 4863 1630 4924 tto:
1656 4860 1794 4941 adtque
1814 4861 1861 4922 ita·
1876 4859 2016 4922 demolita
2036 4862 2078 4938 (1)
2099 4859 2186 4939 sigua

432 4962 534 5026 minus
553 4976 678 5022 cernere
697 4976 791 5042 quam
808 4957 958 5039 interdiu3
977 4958 1047 5022 ideo
1070 4957 1095 5020 si
1115 4956 1273 5038 caprinum

427 5061 516 5140 J'ecur
541 5064 711 5134 remeatur,
737 5055 857 5120 restitui
882 5057 1085 5139 vespertinam
1108 5054 1206 5119 aciem
1227 5053 1274 5116 bis

431 5176 511 5242 quos
548 5155 726 5238 nyctalopas
764 5161 897 5237 vomu
930 5178 946 5216 ,
984 5155 1023 5218 ab
1063 5154 1174 5218 00de
1208 5171 1276 5215 θοι.
1370 5149 1404 5213 (ι)
1419 5146 1503 5199 Habet
1522 5145 1658 5200 Foroelliui
1679 5147 1847 5214 bortarstur3
1869 5147 2014 5200 Gronovius
2031 5161 2110 5212 vero,
2127 5147 2185 5200 Le-

431 5263 523 5338 rupte
552 5253 664 5336 legitur
688 5255 761 5319 sic:
792 5255 951 5336 caprinum
976 5257 1063 5336 jecur
1082 5253 1107 5315 si
1128 5260 1275 5328 vexatur,
1340 5228 1883 5374 mgssgr‘efflffffifflfqeubw
1908 5309 2055 5374 mm
2076 5315 2186 5360 amm

432 5353 551 5420 restitui
570 5352 891 5436 vespertinamaciem.
908 5351 985 5432 Cic,
1001 5351 1186 5427 deiurant,
1201 5347 1273 5426 l.ll,
1338 5389 1475 5442 pomum
1489 5389 1583 5444 mulus
1595 5390 1751 5446 mmm:
1764 5388 1892 5453 dmm,
1902 5389 2033 5453 mmm,
2042 5388 2186 5454 mm,

432 5473 461 5522 c.
478 5455 530 5530 53,
554 5455 610 5523 sor
636 5471 646 5517 ι
681 5475 697 5518 ι
720 5450 929 5531 Obseruantia,
948 5470 1004 5540 per
1027 5468 1121 5540 quam
1142 5447 1271 5518 bomine
1336 5469 1473 5524 timum.

1756 5065 1855 5072 ..-—-...

2120 5067 2181 5078 --.
