4680 6166
1070 621 1112 671 DE
1141 621 1304 671 NONlNUNl
1333 621 1602 673 DECLlNATlONll.

1020 876 1287 970 NOMINA
1335 876 1658 973 nnonntl

511 1161 574 1228 li.⁸
591 1165 724 1230 Nomina
747 1164 900 1241 anomala,
927 1161 1011 1243 qnod
1032 1163 1072 1225 ad
1094 1181 1160 1225 rem
1190 1163 1311 1242 attinet,
1410 1163 1487 1226 ltem
1514 1161 1584 1242 don,
1612 1164 1691 1242 dno,
1716 1166 1793 1242 dno,·
1810 1165 1903 1240 ambo,
1926 1163 2029 1241 cade,
2058 1163 2154 1240 ambo,
2183 1163 2226 1225 ita

456 1267 601 1331 dicuntur
621 1282 690 1345 quoa
716 1261 893 1325 asimilium
917 1260 1131 1337 declinatione,
1151 1261 1253 1343 aliqua
1273 1281 1312 1324 ex
1369 1261 1494 1343 quidem
1521 1280 1592 1325 cum
1619 1263 1776 1342 adjectivis
1797 1263 1888 1345 primi
1910 1268 1942 1326 et
1960 1261 2089 1326 secundi
2109 1261 2226 1324 ordinis

456 1371 552 1448 parte,
564 1361 811 1438 deflexerunt,ut
823 1359 938 1435 domna,
949 1359 1081 1441 exempli
1094 1378 1197 1438 causa,
1207 1378 1314 1442 quem-
1369 1360 1572 1437 consentiunt,
1590 1365 1625 1422 ut
1637 1360 1676 1422 eb
1689 1361 1732 1423 eis
1748 1361 1840 1424 etiam
1855 1361 2038 1442 discrepent.
2054 1358 2170 1422 Verum
2185 1357 2225 1421 de

404 1459 408 1470 '
457 1464 501 1526 vis
518 1463 556 1525 sit
577 1468 692 1543 quartae
707 1459 934 1535 declinationis,
950 1464 981 1520 et
1003 1457 1101 1520 simile
1117 1458 1165 1520 bis
1184 1457 1315 1522 nomini·
1370 1459 1509 1548 analogia
1531 1467 1562 1522 et
1579 1460 1730 1524 anomalia
1745 1479 1802 1523 sno
1817 1461 1898 1538 loco,
1917 1459 1984 1524 lieo
1994 1459 2131 1539 juvante,
2148 1475 2227 1521 non·

456 1563 515 1624 bus
536 1579 651 1635 monna,
668 1559 781 1637 tribus;
794 1563 898 1620 tamen
918 1557 957 1619 ab
979 1574 1086 1619 eorum
1106 1556 1314 1620 declinatione
1370 1559 1445 1622 nihil
1459 1559 1609 1624 dicemus.

457 1658 594 1733 dederit,
606 1675 677 1720 cnm
690 1655 792 1738 aliqua
807 1674 843 1718 ex
860 1662 945 1736 porte
956 1653 1082 1717 nomina
1096 1654 1221 1716 secundi
1235 1655 1317 1717 ordi·

460 1759 507 1822 nia
519 1756 664 1818 imitetur.

698 1935 701 1942 ·
730 1915 860 1978 it'cmero
881 1915 1040 1994 n'npnlorr'.
1652 1916 1785 1979 Numero
1797 1915 1927 1999 plurali.

1372 2054 1488 2132 Nom.

1373 2178 1465 2258 Gerr.

1373 2304 1465 2384 Dat.

1375 2432 1463 2509 Ace.

1386 2554 1470 2631 Voc.

1375 2679 1460 2758 Abl.

1638 2055 1795 2131 Domus.

1638 2180 1850 2259 Domorum
1870 2179 1932 2258 cel
1947 2180 2152 2259 domuum.

1641 2303 1841 2384 Domibua.

1643 2432 1786 2510 Demos
1803 2430 1865 2507 cel
1883 2430 2034 2509 domus.

1592 2579 1614 2633 o
1643 2556 1802 2633 Domus.

1594 2705 1617 2758 a
1643 2678 1845 2761 Domibns.

460 2055 578 2138 Nom.
618 2052 698 2132 baeo
728 2055 886 2131 Domus

463 2180 555 2258 Gen.
729 2174 1080 2256 Domineldomus

460 2304 552 2383 Dnt.
728 2300 882 2382 Domui.

462 2431 551 2507 Aee.
730 2430 910 2506 llomnm.

473 2554 559 2633 Voc.
678 2579 701 2633 o
730 2556 885 2632 Domus.

462 2679 547 2758 Ati.
680 2685 702 2758 e'
729 2681 866 2757 Domo.

504 2865 578 2939 Quae
592 2885 681 2929 voces
697 2866 892 2947 locum,qnae
905 2863 1051 2942 cilicium,
1066 2883 1135 2946 quae
1149 2871 1315 2948 utmmque
1375 2867 1522 2947 exigatur.
1542 2867 1663 2929 Horum
1684 2866 1821 2929 domnam
1841 2872 1874 2929 et
1895 2867 1948 2928 doe
1969 2867 2072 2929 domna
2093 2869 2232 2948 reperies

462 2963 646 3044 significent,
673 2963 861 3046 procedente
890 2972 1029 3045 tempore
1060 2962 1178 3026 discent
1207 2964 1314 3046 pueri:
1376 2963 1514 3045 quidem,
1528 2965 1582 3028 sed
1596 2965 1702 3030 rarius.

463 3080 558 3143 qnare
572 3063 645 3148 nibil
662 3062 744 3125 alind
758 3061 808 3124 hic
823 3061 861 3124 ab
880 3061 924 3124 eis
936 3079 1030 3142 quam
1049 3059 1223 3123 declinandi
1239 3061 1316 3124 ratio

1131 3250 1210 3328 Dno
1237 3255 1294 3329 sz'c
1320 3253 1571 3334 declinator:

1251 3437 1433 3502 Plurola'ter.

1426 3575 1526 3674 dure,

1424 3699 1604 3795 duarum,

1423 3825 1586 3921 duabuS,
1748 3825 1912 3905 duobus.

1424 3950 1534 4049 dues,
1748 3951 1837 4030 duo.

1375 4100 1397 4154 o
1427 4074 1526 4173 dnae,
1697 4076 1836 4155 oduo.

1373 4225 1396 4279 e
1422 4200 1585 4297 duabus,
1698 4227 1720 4280 o
1747 4201 1911 4282 duobus.

1749 3575 1840 3654 duo.

1745 3700 1924 3780 duorum.

704 3569 820 3648 Nom.
928 3572 1026 3660 Due,

705 3692 801 3774 Gen.
926 3695 1116 3792 Duorum,

704 3817 796 3899 Dat.
930 3819 1098 3918 Duobus,

706 3948 794 4022 Aeo.
928 3946 1032 4022 Duos
1058 3946 1120 4023 cel
1144 3943 1234 4046 dno,

717 4068 801 4146 Voc.
879 4094 901 4148 o
929 4071 1027 4167 Duo,

706 4195 787 4273 Atl.
879 4221 901 4274 n
927 4194 1096 4294 Duobus,

1013 4413 1119 4488 Anno
1147 4411 1275 4490 eodem
1302 4405 1412 4493 niodo
1438 4415 1665 4495 declinator.

1254 4597 1436 4662 Plnrola'ter.

707 4728 824 4808 Nom.
933 4729 1074 4830 Ambo,

1429 4735 1566 4836 embae,
1756 4736 1885 4817 ambo.

707 4851 802 4932 Gen.
933 4853 1161 4955 Amborum,

708 4977 800 5056 Dat.
934 4979 1148 5078 Ambobus

708 5103 799 5181 Acc.
932 5103 1080 5183 Ambos
1104 5107 1166 5183 vel
1189 5107 1318 5208 ambo,

718 5226 804 5305 Voc.
880 5227 1073 5327 odmbo,

708 5351 792 5429 Abl.
854 5350 902 5430 ab
932 5351 1148 5454 Ambobus,

1377 5261 1399 5317 o
1428 5238 1566 5337 embae,

1349 5359 1397 5440 ab
1426 5361 1629 5466 ambobus,
1674 5365 1723 5445 ab
1751 5367 1953 5449 ambobus.

1426 4861 1646 4959 amborum,
1756 4862 1974 4942 amborum.

1429 4986 1629 5085 ambabus,
1754 4987 1955 5068 ambobus.

1430 5111 1577 5212 ambas,
1757 5115 1885 5194 ambo.

1704 5267 1726 5320 o
1753 5241 1884 5340 ambo,
