4680 6166
792 639 837 695 ott
864 639 1027 694 nontuort
1055 640 1321 696 uncumarrouu.
1420 693 1429 712 1

280 769 408 851 Aliquot
427 773 498 852 post
518 769 608 834 dias:

233 894 691 1002 Hr'cdominospmdeos.

1140 771 1215 854 Hic
1228 779 1379 856 uncinus
1391 776 1621 878 penerosr'or.

1138 900 1410 1006 Hoecpopulccs
1422 902 1712 1004 procerissima.

234 1083 425 1185 Trarion,
449 1109 594 1166 nomen
612 1084 883 1168 declinationis
902 1086 1098 1184 secunde,
1120 1088 1274 1192 generis
1293 1088 1436 1176 neutri,
1461 1086 1612 1168 numeri
1633 1086 1855 1195 singularis,
1878 1085 1930 1167 sic

182 1206 467 1288 declinabitur:
613 1323 614 1328 Ν

445 1393 577 1458 Numero
596 1395 755 1476 capulari.

181 1544 293 1623 Nom.
464 1545 537 1628 hoc
564 1548 785 1652 Templum.

181 1668 272 1750 Gen.
563 1670 730 1776 Templi.

179 1789 267 1873 Dat.
562 1795 740 1901 Templo.

179 1919 264 1998 Aac.
562 1919 785 2024 Templum.

184 2043 268 2123 Voc.
514 2069 536 2123 o
564 2044 785 2149 Templum.

179 2173 259 2251 lot.
510 2198 534 2251 a
561 2173 735 2281 Templo.

230 2340 310 2422 Hoc
322 2343 510 2448 templum
524 2348 819 2426 sanetosrmom.

231 2635 313 2717 Hoc
327 2640 511 2744 templum
525 2645 671 2746 inpono.

1365 1399 1496 1463 Numero
1514 1398 1642 1480 plurali.

1086 1553 1203 1634 Nom.
1466 1552 1640 1658 Templa.

1088 1675 1179 1756 Gen.
1466 1674 1732 1780 Templorum.

1086 1801 1177 1882 [lat.
1468 1798 1653 1904 Templis.

1085 1931 1195 2006 Aca·
1467 1924 1643 2030 Templa.

1089 2053 1175 2132 Voc.
1417 2049 1645 2155 o'Templa.

1083 2179 1168 2256 All.
1419 2201 1441 2254 a
1467 2174 1651 2281 Templis.

1051 2351 1056 2460 Ι
1135 2344 1217 2425 Hoc
1231 2349 1425 2450 coponium
1441 2345 1639 2423 cellarium.

931 2507 994 2573 Suo
1012 2516 1173 2590 tempore:

1054 2644 1061 2755 l
1138 2643 1221 2724 Hoc
1235 2645 1430 2748 impendum
1445 2643 1607 2720 illustro.

207 2821 254 2873 tlte
265 2821 422 2876 admouendi
434 2831 495 2878 aaut
504 2827 602 2878 tirones
614 2835 707 2880 neutra
720 2831 823 2882 nomina
835 2836 889 2882 tres
902 2843 978 2882 casus
989 2831 1085 2884 habore
1097 2832 1204 2893 similes,
1217 2826 1377 2892 nominandi,
1391 2825 1528 2878 accusandi
1540 2833 1567 2878 at
1579 2825 1698 2891 vocandi,
1711 2838 1809 2892 eosque
1820 2837 1928 2878 numero

177 2900 348 2955 ualitudinis
359 2904 461 2958 alltera
472 2907 604 2958 terminari
614 2921 622 2971 ;
634 2914 727 2961 caetera
740 2910 767 2960 in
783 2923 859 2962 auum
872 2910 957 2963 locum
973 2909 1133 2964 differantur.

710 3206 946 3302 TERTIA
997 3207 1390 3306 ouctlunrlo

230 3474 266 3554 5.
295 3475 433 3574 Seruo,
456 3501 600 3556 nomen
619 3475 888 3558 declinationis
908 3477 1044 3578 tertie,
1060 3481 1215 3589 generis
1229 3477 1448 3581 masculini,
1466 3477 1618 3558 numeri
1633 3476 1853 3586 singularis,
1870 3478 1924 3558 sic

180 3595 456 3680 declinabitur:

485 3785 705 3870 Siopolariter.

180 3939 286 4023 Nom.
465 3943 529 4025 hic
557 3945 704 4026 Sermo.

180 4065 265 4146 Gen.
557 4067 768 4148 Sermonis.

177 4189 247 4270 liat
558 4191 749 4273 Sermoni.

178 4255 257 4395 dcc..
555 4315 794 4398 Sermonem.

187 4437 260 4520 Voc.
504 4464 529 4519 o
556 4441 704 4521 Sermo.

173 4565 248 4643 All.
456 4632 461 4643 ,
506 4589 529 4642 a
556 4564 755 4646 Sermone.

223 4739 295 4820 Hic
306 4765 436 4821 sermo
450 4741 612 4846 elopem.

224 4864 298 4946 Hic
308 4891 439 4946 amno
452 4867 703 4972 qootrilzomeo.

214 5049 273 5116 llac
283 5051 443 5118 existimes
454 5071 545 5118 voces
554 5055 731 5138 pluraliter,
745 5055 939 5137 nopolamter
948 5055 1016 5119 bar·

183 5143 260 5212 hira
269 5169 337 5216 arae
347 5169 358 5215 t
364 5153 429 5232 jam
441 5151 525 5215 enim
534 5151 709 5228 Quintiliani
725 5159 813 5217 atate
826 5161 904 5217 nate
918 5161 1013 5217 crant.

184 5243 256 5310 dadi
273 5248 376 5330 ipnrm
393 5248 414 5311 l.
429 5247 508 5328 vill,
522 5268 551 5315 c.
565 5255 585 5317 6
600 5270 608 5316 :
628 5249 708 5314 «list
728 5252 819 5314 etiam
841 5251 914 5315 huic
927 5258 1016 5332 tropo

1409 3789 1587 3852 Pronus.
1641 3873 1646 3880 ¹

1079 3944 1195 4024 Nom.
1463 3945 1681 4026 Sermones.

1081 4068 1174 4150 Gen.
1463 4069 1709 4150 Sermonum.

1078 4191 1167 4273 Dat.
1460 4192 1724 4275 Sermonibus.

1078 4321 1165 4397 Aac.
1461 4318 1679 4399 Sermones.

1088 4441 1170 4520 Voc.
1409 4467 1431 4520 o
1460 4441 1678 4522 Sermones.

1077 4567 1160 4645 All.
1408 4591 1431 4644 a
1457 4563 1717 4647 Sermonibus.

1128 4743 1361 4824 Hoecoirtao
1373 4741 1615 4824 admirando.

1127 4868 1222 4949 Hoec
1236 4871 1356 4947 oratio
1369 4869 1593 4971 elepantc‘or.

1071 5053 1213 5138 quadarn
1229 5073 1300 5119 cum
1320 5053 1513 5136 synecdoche
1530 5052 1649 5117 vicinia.
1665 5051 1742 5116 Nam
1759 5067 1830 5117 cnm
1847 5052 1918 5117 dico

1070 5153 1169 5216 notius
1191 5152 1316 5214 dominia
1338 5169 1395 5234 pro
1422 5151 1527 5227 vultu,
1553 5151 1623 5214 dico
1645 5148 1813 5232 pluraliter,
1832 5150 1916 5233 quod

1072 5249 1225 5330 singulare
1238 5255 1302 5328 ost3
1315 5247 1401 5329 quod
1413 5248 1532 5329 plurale
1545 5253 1602 5324 est,
1617 5245 1819 5327 singulariter.
1832 5269 1848 5306 s
