4678 6162
1167 525 1211 577 BE
1232 525 1355 578 venula
1374 526 1544 580 rourlcts.

1214 773 1484 846 EXCEPTIO.
1571 764 1574 772 ’

535 937 625 1018 Haec
648 963 746 1044 soepc
770 941 788 1015 z·
807 946 897 1017 ante
919 965 944 1016 a
967 903 1194 1038 admittunt,
1223 947 1266 1018 ut
1288 941 1479 1039 Anchises,
1506 941 1767 1042 Anchisiaden
1789 943 1965 1040 Laertes,
1994 943 2213 1024 Laertiades.

485 1060 678 1170 Virgilius,
697 1063 789 1143 AEn.
808 1062 905 1160 VIII,
924 1089 962 1140 v.
982 1063 1052 1142 521
1077 1094 1085 1141 :

877 1247 990 1312 AEncas
1003 1247 1191 1312 Anchisiades
1205 1256 1237 1313 et
1251 1249 1330 1314 lidus
1344 1250 1487 1314 Achates.

482 1405 652 1506 Ovidius,
670 1409 827 1489 Metam.
847 1409 945 1508 XIII,
963 1437 1001 1488 v.
1020 1413 1070 1490 48
1090 1441 1098 1489 :

875 1594 954 1658 Saxa
965 1611 1071 1659 moves
1083 1587 1210 1676 gemitu,
1226 1595 1458 1680 Laertiadaeque
1470 1597 1614 1681 precaris.

1126 1907 1467 1990 PRAECEPTUM
1507 1907 1578 1988 Ill.

535 2157 626 2236 549.
658 2154 825 2238 Nomina
846 2157 1023 2237 secundae
1043 2154 1314 2238 declinationis
1334 2185 1380 2236 ns
1403 2156 1525 2255 linita,
1551 2157 1592 2236 in
1614 2156 1786 2266 genitivo
1809 2169 2012 2241 assumunt
2029 2161 2094 2242 des
2111 2163 2219 2270 sylla-

484 2281 585 2381 bam,
611 2279 828 2388 penultima
848 2279 969 2361 brevi.
991 2279 1148 2380 AEacas,
1172 2280 1297 2380 AEaei‚
1321 2280 1516 2380 AEactdes,·
1537 2280 1591 2361 sic
1612 2283 1849 2382 Priamides,
1870 2283 2059 2384 AEoddes,
2084 2275 2220 2368 Tanta·

481 2407 588 2505 ttdes,
607 2407 815 2504 aPrramo‚
833 2407 954 2503 dioto,
977 2404 1150 2485 Tantalo.
1170 2403 1369 2512 Virgilius,
1389 2409 1480 2487 AEn.
1497 2408 1562 2504 VI,
1579 2433 1616 2486 v.
1637 2407 1738 2486 lot:

877 2589 1025 2654 Iliseuum
1039 2551 1195 2667 AEotnden,
1210 2607 1272 2672 quo
1281 2608 1344 2656 non
1353 2590 1545 2674 praestantior
1557 2594 1646 2657 alter.

483 2753 655 2854 Ovidius,
674 2753 830 2835 Metam.
849 2738 948 2852 XIII,
964 2778 1001 2831 v.
1018 2753 1068 2833 99
1088 2783 1097 2833 :

879 2930 1117 3014 Priamidenque
1129 2930 1281 2996 Helenum
1293 2937 1381 3015 rapta
1394 2949 1467 2996 cum
1479 2931 1604 2997 Pallade
1617 2939 1755 3018 captum.

485 3084 603 3184 Idem,
622 3083 663 3164 in
679 3083 777 3183 Ibin,
796 3113 833 3164 v.
852 3085 929 3164 436
948 3115 956 3163 :

883 3251 1053 3315 Tantalides
1063 3257 1098 3315 tu
1111 3250 1162 3333 sis,
1175 3250 1371 3335 Persidaque
1386 3270 1475 3335 puer.

1197 3506 1452 3579 EXCEP'I'IO
1482 3507 1507 3578 I.

538 3671 735 3754 Nonnulla
755 3670 1012 3778 penultimam
1034 3672 1181 3754 habeut
1202 3673 1373 3783 longam,
1399 3681 1443 3755 ut
1463 3673 1627 3770 Belides,
1651 3669 1898 3777 Lycurqtdes,
1923 3671 2213 3779 Amphiaraides.

485 3796 683 3908 Virgilius,
703 3801 794 3882 AEn.
813 3800 859 3897 ll,
877 3825 913 3877 v.
933 3799 978 3877 8I
1001 3829 1010 3878 ι

1039 3992 1180 4012 .....
1203 3948 1234 4013 si
1245 3948 1325 4013 torte
1338 3954 1404 4012 tuas
1416 3946 1557 4032 pervenit
1570 3947 1609 4011 ad
1624 3966 1713 4012 curm

879 4045 995 4110 Belidae
1010 4064 1123 4110 nornen
1137 4046 1318 4112 Palamedis.

484 4197 652 4298 Ovidius,
670 4197 712 4279 iu
728 4197 826 4298 Ibin,
843 4224 881 4277 v.
902 4199 977 4278 505
997 4230 1005 4277 :

881 4373 1001 4456 Quique
1014 4371 1205 4458 Lycnrqtden
1217 4371 1323 4436 letaut
1335 4376 1368 4435 ct
1380 4369 1490 4436 arbore
1503 4375 1622 4436 natum.

488 4526 606 4626 Idem,
623 4525 726 4608 Fast.
743 4526 788 4624 II,
806 4551 844 4606 v.
862 4526 912 4605 43
933 4556 941 4604 :

882 4699 1114 4783 Amphiaratdes
1126 4699 1306 4782 Naupactoo
1320 4698 1456 4762 Acheloo

923 4799 1013 4864 Solve
1027 4798 1123 4878 usias,
1136 4797 1226 4875 dixit,
1241 4797 1330 4861 solvit
1341 4801 1374 4860 et
1387 4796 1439 4860 Ille
1453 4795 1551 4859 nolas.

1199 5014 1454 5087 EXCEPTIO
1485 5015 1530 5084 ll.

542 5187 633 5281 Quae
655 5210 677 5264 a
697 5182 918 5265 nominibus
938 5183 1115 5266 secundm
1136 5181 1405 5266 declinationis
1425 5180 1539 5280 liunt,
1564 5179 1758 5263 interdum
1779 5181 1896 5263 ctiam
1917 5189 2008 5262 autc
2028 5181 2094 5261 des
2112 5175 2218 5285 sylla·

490 5302 579 5392 Iram
594 5336 619 5391 a
633 5310 783 5393 literam
797 5309 1004 5418 recipiant,
1022 5309 1190 5392 maxime
1209 5336 1295 5416 quae
1314 5309 1354 5390 in
1375 5313 1435 5388 ins
1449 5314 1601 5407 exeunt,
1620 5315 1663 5387 ut
1677 5306 1829 5407 Battus,
1845 5307 2063 5403 Battiadess
2076 5307 2215 5410 Asoptm
