4646 6166
474 549 545 626 130
635 603 639 610 -
1235 571 1452 640 ouorunvm,

521 708 755 789 Pronomina
772 735 892 804 meus,
909 720 1012 806 tous,
1028 735 1134 805 suus,
1156 718 1295 806 noster,
1312 718 1448 806 vester,
1466 706 1514 784 ad
1534 703 1700 811 primam
1720 708 1761 784 et
1779 701 1989 784 secundam
2005 697 2212 780 nominum

466 832 766 915 declinationem
793 841 987 940 spectant;
1016 845 1179 933 nostros,
1210 844 1366 932 vestrm,
1395 829 1443 911 ad
1466 828 1636 929 tertiam3
1663 835 1803 910 caetera
1825 825 2039 936 peculiares
2064 825 2214 907 habent

468 959 623 1039 lormas.

521 1083 725 1190 Partioipia
754 1109 840 1188 quae
870 1084 910 1164 in
939 1112 1008 1166 om
1035 1092 1075 1166 et
1102 1111 1168 1164 em
1195 1092 1337 1165 exeunt
1367 1084 1414 1162 ad
1443 1080 1596 1163 tertiam
1619 1077 1921 1162 declinationem
1941 1076 2152 1185 pertinent,
2173 1082 2215 1154 ut

467 1237 614 1309 umam,
641 1211 791 1309 doeens,
817 1218 892 1290 etc.
920 1210 1084 1316 Reliqua
1112 1212 1160 1290 ad
1188 1209 1353 1316 primam
1381 1217 1419 1290 et
1448 1207 1671 1306 secundam,
1697 1213 1741 1286 ut
1772 1237 1780 1285 :
1811 1216 2028 1303 amaturus,
2056 1230 2095 1303 u,
2126 1229 2215 1298 urm

466 1336 667 1435 amandam,
690 1361 728 1435 o,
751 1363 831 1434 um,
853 1344 929 1415 etc.

524 1581 612 1660 130.
641 1579 921 1661 Decliriutiones
937 1580 1014 1662 sive
1031 1583 1318 1687 corijuputiones
1329 1579 1529 1658 verborum
1543 1586 1634 1658 sunt
1648 1585 1839 1683 quatuor:

518 1704 664 1804 Prima,
687 1703 799 1811 cujus
825 1705 995 1786 secunda
1018 1730 1181 1812 persona
1204 1703 1403 1811 praesentis
1422 1702 1618 1784 indicativi
1639 1702 1718 1783 exit
1737 1703 1777 1783 in
1802 1730 1865 1800 us,
1893 1709 1936 1781 ut
1961 1725 2066 1796 omo,
2090 1718 2212 1788 amus,

464 1855 615 1929 umore,-
628 1874 683 1889 —
696 1827 878 1929 secunda,
897 1829 938 1910 in
953 1856 993 1911 eo
1007 1830 1183 1938 longum,
1201 1837 1245 1910 ut
1259 1834 1387 1928 doceo,
1404 1829 1525 1928 doces,
1544 1831 1697 1926 docere,-
1711 1873 1765 1888 —
1780 1825 1906 1926 tertia,
1924 1824 1965 1905 in
1981 1828 2014 1902 is
2032 1823 2165 1920 breve,
2180 1828 2216 1900 et

466 1954 661 2034 infinitum
677 1953 717 2034 in
734 1982 811 2056 erc,
828 1964 871 2034 ut
890 1957 986 2062 lopo,
1003 1959 1110 2062 lepis,
1128 1958 1272 2063 leperc3
1286 2002 1340 2019 -
1354 1965 1505 2062 quarta,
1522 1955 1563 2035 in
1579 1956 1799 2063 irlongum,
1816 1960 1855 2034 et
1870 1950 2068 2033 inlinitum
2082 1947 2124 2028 in
2140 1950 2213 2044 ire,

467 2081 657 2180 mundio,
677 2082 800 2181 audis,
822 2085 976 2163 audire.

520 2206 627 2285 Modi
649 2206 852 2287 verborum
883 2208 961 2289 triti
989 2235 1033 2289 ac
1053 2234 1281 2290 communes
1309 2215 1399 2288 sunt
1428 2207 1597 2313 quinque
1628 2240 1637 2286 ι
1668 2209 1914 2302 dedicatione,
1946 2203 2213 2307 imperatorur,

468 2336 669 2436 optativus,
686 2335 963 2436 conjunctivus,
982 2337 1171 2439 infimius.

520 2455 709 2561 Tempora
729 2456 934 2539 verborum
955 2466 1046 2539 sunl
1065 2458 1237 2565 quinque
1263 2488 1271 2536 ε
1292 2484 1465 2564 praecem
1478 2456 1558 2537 sive
1574 2461 1736 2556 emtum,
1756 2459 1999 2562 praeteritum
2021 2455 2218 2556 imperfe-

464 2594 579 2682 ctum,
588 2587 836 2689 praeteritum
845 2590 1081 2691 perfectum,
1092 2589 1337 2692 praeteritum
1345 2587 1553 2690 plusquam
1560 2589 1802 2690 perfectum,
1819 2586 2016 2687 futurum.

517 2709 700 2788 Personae
713 2715 991 2816 pronominum
1013 2720 1103 2792 sunt
1125 2720 1201 2792 tres
1224 2743 1232 2790 :
1257 2709 1396 2817 prima,
1420 2736 1507 2814 epm
1528 2709 1711 2810 secunda,
1736 2722 1797 2809 tu;
1815 2706 1965 2813 reliqua
1985 2699 2217 2813 pronomina

466 2833 584 2914 tertiae
604 2843 694 2914 sunt
717 2861 903 2940 persone,
927 2846 1065 2943 praeter
1087 2841 1188 2943 ipse,
1214 2841 1318 2943 ipso,
1342 2840 1491 2942 ipsum,
1519 2836 1620 2942 quod
1645 2833 1814 2943 cujusvis
1833 2843 1889 2916 est
1907 2857 2099 2940 personae3
2120 2827 2217 2909 item

465 2960 769 3065 provocabulum
785 2965 866 3068 qui,
884 2989 982 3068 quae,
999 2967 1115 3069 quod.

519 3087 703 3166 Persorvae
720 3087 924 3167 verborum
944 3097 1035 3169 sunt
1061 3098 1137 3170 tres
1164 3120 1173 3170 :
1203 3087 1345 3194 prima,
1375 3095 1418 3168 ut
1445 3114 1549 3187 amm
1579 3087 1768 3186 secunda,
1798 3094 1842 3166 ut
1869 3111 1995 3185 carratis,⁸
2016 3081 2149 3182 tertia,
2176 3089 2220 3163 ut

467 3224 586 3291 amat.

518 3336 685 3418 Nomina
708 3344 748 3418 et
768 3337 984 3446 participia,
1006 3339 1176 3446 exeeptis
1197 3338 1389 3438 vocativis,
1415 3338 1571 3421 incertae
1596 3347 1686 3420 sunt
1710 3363 1896 3445 personae,
1920 3337 2017 3419 sicut
2040 3343 2075 3415 et
2095 3331 2221 3416 verba

465 3459 620 3543 infinita
640 3492 648 3543 :
672 3489 759 3544 eam
788 3463 893 3545 enim
922 3464 1090 3546 induunt
1119 3491 1322 3572 personam
1352 3464 1463 3572 cujus
1486 3474 1544 3546 est
1570 3465 1678 3546 verbi
1704 3463 1767 3544 oui
1795 3462 2006 3562 adhaerent,
2031 3469 2073 3543 ut
2097 3494 2106 3542 :
2132 3461 2221 3566 Epo

466 3587 519 3666 M.
545 3587 692 3668 cotom
710 3591 870 3693 defendi
886 3592 1161 3697 rempublicam
1181 3593 1419 3691 adolescens,
1441 3619 1517 3671 oon
1536 3593 1710 3672 deseram
1728 3616 1857 3670 amaea.
1882 3591 2001 3694 Cupio
2014 3600 2049 3668 te
2063 3587 2217 3668 oridire.

466 3757 520 3772 —
533 3712 706 3794 Vocandi
739 3740 870 3814 casus,
903 3715 1089 3823 quoniam
1121 3715 1299 3799 secundis
1325 3715 1502 3823 personis
1531 3725 1684 3799 tantum
1717 3713 1935 3815 adhaerent,
1969 3713 2093 3795 solum
2128 3721 2223 3793 sunt

467 3838 646 3919 maundae
665 3865 851 3948 persona.

520 3963 680 4071 szuroe
705 3965 926 4067 nominum,
954 3965 1249 4074 pronominum,
1278 3967 1508 4068 verborum,
1539 3966 1851 4075 participiorum,
1883 3962 2219 4073 praepositionum,

468 4089 749 4192 adverbiomm,
764 4092 1085 4200 conjunctionum
1099 4095 1182 4176 duaa
1197 4101 1289 4175 sunt
1303 4125 1312 4174 :
1328 4096 1504 4201 simplae,
1528 4102 1571 4174 ut
1587 4097 1776 4201 praederis,
1790 4097 1837 4194 ia,
1854 4119 1955 4192 amo,
1970 4117 2121 4192 amans,
2135 4092 2218 4188 uba,

462 4219 694 4322 pestilenter,
719 4224 840 4322 Μίνω
853 4265 907 4283 -
920 4225 1141 4328 composita,
1169 4229 1212 4303 ut
1235 4224 1480 4327 imprudens,
1507 4222 1627 4323 idem,
1654 4223 1810 4322 memo,
1834 4221 2034 4319 ammom,
2061 4220 2219 4326 udoque,

467 4347 748 4458 impacienter,
766 4351 917 4429 etenim.

520 4475 670 4578 Species
683 4472 904 4576 nominum,
923 4474 1212 4582 pronominum,
1227 4476 1448 4576 verborum,
1465 4474 1735 4558 adverbiorum
1758 4482 1848 4556 sunt
1871 4473 1957 4555 duaa
1976 4475 2218 4579 :primitium

467 4604 525 4697 ut,
550 4612 678 4704 puter,
708 4613 767 4702 tu,
798 4603 915 4703 culeo,
947 4605 1377 4704 clam—derivatim,
1408 4610 1451 4684 ut
1473 4615 1682 4711 paternus,
1718 4615 1823 4703 mus,
1856 4629 1898 4704 o,
1935 4629 2022 4702 um,
2056 4601 2219 4698 calesco,

467 4725 699 4804 clanculum.
865 4737 867 4742 '

508 4963 643 5030 Parlium
658 4961 993 5047 oran'oolsaooldontio,
1005 4969 1068 5033 sive
1081 4969 1314 5050 attributo,aiva
1371 4971 1460 5035 toties
1484 4975 1647 5054 repeteret
1668 4970 1777 5047 Quom,
1793 4967 1936 5045 obsecro,
1959 4967 2092 5030 meum
2116 4965 2223 5047 perci·

469 5063 608 5143 effoetus,
621 5065 882 5146 aimaffeolionaa,
897 5068 971 5148 sive,
986 5075 1021 5132 ut
1033 5068 1197 5134 Diomedes
1214 5077 1313 5148 vocat,
1371 5069 1456 5152 piant
1468 5069 1596 5148 tirones,
1618 5068 1643 5132 si
1663 5069 1695 5132 in
1712 5072 1872 5132 numerato
1893 5064 2028 5129 habeant
2048 5081 2117 5146 quae
2133 5065 2223 5126 atui-

469 5161 490 5223 l.
506 5161 532 5240 l,
546 5181 577 5244 p.
601 5165 970 5247 morimundensem
987 5168 1070 5233 huno
1083 5168 1187 5232 locum
1208 5169 1316 5250 rejeci·
1371 5169 1446 5232 outo
1458 5166 1571 5250 quibus
1581 5167 1717 5250 partibus
1728 5165 1888 5230 accidantt
1898 5161 2007 5228 Nonne
2016 5161 2115 5226 multo
2124 5161 2224 5224 salius

469 5278 550 5339 mus,
565 5279 605 5324 ne
614 5262 645 5325 in
656 5263 781 5345 singulis
792 5267 928 5348 portibus
945 5267 1055 5331 eadem
1067 5286 1131 5333 non
1145 5269 1211 5332 sine
1224 5287 1315 5332 causa
1371 5271 1452 5332 esset
1464 5265 1496 5328 id
1504 5266 1650 5348 temporis
1664 5265 1695 5328 ln
1707 5263 1882 5328 nominibus
1890 5261 2050 5344 verbisque
2062 5257 2223 5324 declinan-

468 5363 690 5439 repeterentur.
701 5362 781 5437 Quid
789 5363 872 5428 enim
881 5365 989 5429 attinet
997 5364 1314 5442 eamdemcrambem,
1371 5362 1418 5427 dis
1427 5368 1629 5429 consumeret

469 5465 538 5531 pilot
569 5458 701 5520 emollient
733 5464 853 5536 oomv'm',
887 5464 1070 5546 pronomini,
1105 5463 1204 5542 emto,
1239 5469 1314 5543 olm,
