4656 6156
502 511 579 590 250
997 539 1042 592 os
1062 521 1346 593 cousrnuonoun
1365 541 1576 599 canuslnus
1596 550 1755 605 scurrus.

498 668 608 734 damus
624 688 697 735 eum
716 671 770 754 qui
791 671 835 735 sic
852 671 995 753 loquatur
1012 671 1173 736 :Lucretia
1190 672 1352 736 castesime
1407 675 1488 740 Audi
1504 679 1695 760 Ciceronem,
1708 683 1748 746 dc
1759 682 1838 746 clar.
1854 680 1952 760 Oret,
1970 697 1999 744 c.
2013 682 2066 759 56,
2079 683 2161 745 bol:
2180 681 2250 743 elli·

499 776 676 833 esseorum
683 768 937 834 sororumlcerte
945 768 1168 852 ll.'lulliuspro
1177 769 1249 834 Sex.
1257 769 1351 834 Rosc.
1408 773 1450 838 bil
1463 781 1525 840 tem
1545 778 1700 861 dissimile,
1717 800 1813 864 quem
1825 780 1913 845 Cotte
1929 779 2115 863 Sulpitio,et
2127 786 2249 862 uterum

498 867 585 946 Am,
595 886 624 931 c.
633 872 664 945 6,
675 867 797 946 lesere
804 867 1015 932 eodemmodo
1024 868 1148 932 locutus
1157 875 1205 932 cst
1217 885 1226 932 ι
1239 890 1254 929 ι
1265 868 1349 947 Sex„
1408 876 1575 956 equalibus
1591 879 1654 942 suis
1666 881 1833 963 plurimum
1844 880 2001 962 meatim.
2019 900 2035 940 ι
2051 879 2143 957 lbid.,
2156 898 2185 943 c.
2201 883 2247 956 (il,

499 964 615 1050 inquit,
634 967 765 1032 Roscius
783 976 871 1050 pater
887 966 1033 1047 buiuscc,
1052 967 1215 1051 municeps
1233 968 1354 1032 Ameri-
1407 975 1480 1052 230,
1495 973 1534 1038 de
1548 975 1709 1042 Hortensio
1727 980 1877 1062 loquens:
1897 977 2009 1042 «Suos
2026 979 2105 1041 inter
2121 978 2251 1060 aequales

499 1064 731 1147 nusluitquum
740 1083 866 1147 genere,
876 1070 909 1128 ct
920 1065 1090 1143 nobilitate,
1100 1072 1133 1130 et
1145 1065 1279 1148 pecunia
1290 1083 1352 1132 non
1408 1068 1502 1153 longe
1513 1076 1671 1154 praestitit.
1685 1099 1700 1137 ι
1713 1075 1812 1154 idem,
1828 1076 1868 1139 de
1877 1074 1959 1155 lim,
1972 1077 1995 1139 1.
2008 1075 2048 1154 ll,
2063 1094 2093 1140 c.
2108 1079 2160 1151 33,
2175 1079 2248 1140 llll:

498 1164 594 1230 modo
614 1163 846 1247 suimama'ca'pis',
866 1164 1087 1229 verumetiam
1109 1165 1176 1245 ejus
1193 1165 1353 1228 vicinitatis
1413 1192 1429 1230 a
1451 1170 1603 1252 Homini,
1631 1175 1685 1257 qui
1716 1176 1833 1240 eaeteris
1860 1174 2064 1239 animantibus
2090 1174 2250 1258 plurimum

497 1261 588 1326 lacile
601 1261 731 1345 primus.
746 1285 762 1323 ι
779 1260 904 1326 Primus
921 1263 969 1325 sui
986 1262 1153 1344 mmidpii,
1173 1262 1247 1345 quid
1269 1261 1352 1325 aliud
1406 1279 1545 1348 prestat,
1559 1273 1707 1355 precipui
1721 1278 1861 1337 enatura
1873 1273 1950 1336 nihil
1969 1272 2077 1337 datum
2090 1291 2158 1336 esse
2173 1272 2250 1336 dioe-

498 1366 556 1436 est,
571 1378 666 1441 quem
684 1379 812 1424 suorum
825 1360 1020 1443 municipum
1034 1361 1173 1444 primusl
1186 1360 1265 1424 Item
1280 1359 1352 1424 Gel-
1409 1372 1497 1431 must
1510 1390 1526 1428 ι
1539 1368 1628 1434 Certe
1638 1371 1765 1449 Plinius,
1777 1371 1800 1435 l.
1813 1370 1955 1450 xxxiii,
1965 1389 1995 1436 c.
2005 1373 2057 1448 22,
2069 1373 2102 1450 3,
2113 1377 2177 1434 tam
2189 1389 2250 1434 mo·

497 1455 567 1536 lius,
580 1456 604 1522 l.
618 1457 674 1538 lx,
689 1477 719 1523 c.
741 1462 801 1524 lt:
818 1482 834 1521 s
850 1458 903 1522 Vir
917 1459 1015 1522 etatis
1032 1477 1096 1521 suec
1119 1457 1348 1536 doctissimum
1409 1484 1487 1530 rosae
1505 1474 1536 1530 et
1548 1469 1646 1532 anuae
1664 1467 1884 1534 observationis
1899 1489 2043 1548 securm,
2062 1469 2249 1548 «ostracitis,

496 1556 623 1640 perinde
639 1561 686 1620 est
697 1576 735 1621 ec
748 1557 773 1621 si
787 1557 932 1622 dixisset:
944 1577 1064 1620 suorum
1074 1557 1234 1640 oequuliaen
1246 1554 1354 1618 doctis·
1409 1563 1499 1641 dixit,
1516 1570 1580 1629 tota
1592 1567 1696 1648 nigra,
1711 1575 1744 1631 et
1755 1577 1933 1632 ceterorum
1949 1567 2153 1630 sordidissime
2169 1570 2247 1645 (9).»

497 1655 596 1718 simus
619 1655 709 1730 Quod
727 1656 752 1720 si
771 1661 933 1739 tantopere
951 1655 1121 1721 censorium
1137 1653 1352 1737 grammatico-
1409 1661 1530 1727 Tacitus
1542 1663 1573 1728 in
1586 1666 1742 1748 Agricola,
1757 1686 1787 1730 c.
1803 1669 1842 1730 st
1857 1685 1867 1729 ι
1886 1691 1902 1729 e
1916 1667 1939 1730 li
1955 1675 2130 1732 caeteros-mn
2143 1666 2253 1730 lisitan-

496 1771 567 1816 rum
582 1753 733 1835 virgulum
752 1752 1026 1836 perhorrescimus,
1042 1759 1166 1817 utamur
1182 1751 1276 1817 verbo
1294 1770 1351 1834 pro
1409 1777 1520 1825 norum
1533 1764 1725 1846 sequemini,
1737 1764 1870 1849 ideoque
1880 1765 1988 1829 undu
1999 1763 2212 1848 superstites.»

497 1849 694 1934 superlativo,
708 1851 750 1916 ad
765 1851 847 1915 bunc
863 1850 992 1915 modum
1009 1849 1173 1914 :Lucretia
1186 1850 1249 1914 suis
1268 1867 1352 1913 soro-

498 1949 582 2014 ribus
591 1950 760 2033 plurimum
766 1949 903 2014 eutitate
914 1949 1293 2032 praesentassemus
1305 1947 1352 2010 in·

499 2054 547 2112 ter
559 2066 679 2114 sorores
694 2048 788 2130 longe
801 2049 938 2113 castime
949 2057 1093 2131 prestat.
1110 2047 1265 2112 Antomus
1283 2064 1353 2110 cru·

500 2144 617 2212 ditione
643 2147 759 2211 ceteris
782 2146 999 2230 condiscipulis
1019 2145 1188 2230 plurimum
1211 2152 1350 2228 prestat,
1440 2179 1475 2246 (2)
1493 2180 1531 2232 lu
1551 2195 1656 2248 quoq„
1671 2183 1829 2250 „dmm
1845 2183 1963 2238 „emm
1976 2198 1984 2236 :
1998 2202 2013 2235 e
2029 2199 2044 2237 ,
2056 2186 2156 2238 ,m
2167 2187 2252 2239 M,

499 2243 549 2309 vel
570 2263 643 2311 suos
661 2243 742 2310 inter
769 2246 904 2328 equales
927 2244 1020 2326 longe
1048 2244 1187 2310 doctrine
1206 2251 1349 2327 prestet.
1407 2259 1561 2313 meme.»

1197 2498 1461 2573 APPENDlX
1493 2500 1557 2571 lv.

556 2674 648 2754 256.
680 2670 937 2778 Supcrlativa‚
953 2675 1091 2778 preter
1105 2668 1304 2776 proprium
1320 2695 1469 2767 casum,
1486 2667 1695 2748 admittunt
1709 2669 1828 2751 etiem
1843 2698 1977 2754 casum
1997 2700 2076 2754 suae
2094 2675 2252 2782 positio-

503 2799 577 2880 nis.
604 2797 752 2898 Cicero,
779 2797 826 2878 de
852 2798 955 2878 Clau.
982 2797 1107 2896 Oret,
1133 2820 1169 2876 c.
1197 2794 1264 2895 20,
1288 2798 1339 2878 78
1363 2828 1373 2876 :
1394 2827 1415 2870 a
1434 2793 1522 2876 Fuit
1540 2794 1680 2877 Sextus
1700 2796 1825 2877 AElius
1834 2801 1943 2904 jures
1961 2798 2120 2905 quidem
2138 2805 2253 2883 civilis

501 2923 678 3005 omnium
686 2925 997 3030 pertitinemus»
1016 2924 1204 3019 omarum,
1221 2920 1468 3029 superlativi;
1479 2922 1591 3025 jures
1603 2922 1741 3022 ccede,
1759 2922 1911 3029 positivi
1924 2951 2048 3007 casus,

557 3047 785 3131 Admittunt
807 3054 846 3128 ct
866 3045 1083 3157 genitivum
1107 3044 1342 3153 partitionis
1366 3070 1474 3127 more
1494 3044 1702 3127 nominum
1723 3047 1829 3129 unde
1843 3050 2074 3133 formantur.
2091 3053 2250 3154 Plinius,

542 3389 621 3453 Sunt
637 3387 691 3472 qui
707 3385 891 3471 superlative
909 3385 1121 3470 partitivorum
1133 3384 1239 3467 generi
1258 3383 1352 3466 subji-
1410 3383 1514 3449 venire
1527 3384 1704 3469 imperavit,
1717 3388 1829 3470 partim
1845 3387 1878 3453 in
1894 3393 2074 3474 asperrimus
2093 3395 2255 3459 inerim

503 3484 597 3564 cient,
608 3504 682 3549 cum
698 3483 764 3550 haec
774 3483 889 3549 nudem
902 3482 1112 3566 partitionem,
1122 3483 1176 3547 illa
1190 3501 1263 3548 vero
1278 3502 1355 3567 prae·
1410 3483 1541 3548 avehi.»
1563 3483 1699 3563 Tacitus,
1714 3484 1791 3550 ilist.
1805 3487 1829 3551 l.
1846 3487 1888 3566 ll,
1904 3507 1933 3552 c.
1948 3493 1984 3553 ll
2003 3509 2013 3554 ε
2030 3515 2046 3552 ι
2067 3493 2175 3556 Praine
2191 3515 2256 3558 coa·

502 3585 594 3667 cipue
606 3583 866 3667 comparutionem
873 3581 1098 3664 adsignificent.
1108 3581 1354 3657 Quamvisetium
1409 3582 1546 3646 citiorem
1563 3580 1676 3646 frustra
1693 3583 1880 3648 ceciderant.
1894 3609 1910 3647 ι
1927 3587 2051 3654 Etillud
2070 3591 2257 3672 Quintiliani,

502 3681 569 3747 bec
582 3682 634 3746 ille
647 3680 750 3765 eliqua
766 3679 950 3763 cognatione
963 3680 1127 3762 attingant,
1138 3680 1225 3762 quod
1239 3679 1356 3744 scilicet
1425 3679 1553 3760 ‚1x,e.
1569 3683 1600 3761 l,
1624 3684 1678 3760 ¹19,
1693 3683 1778 3764 quod
1799 3703 1892 3767 supra
1911 3687 2087 3754 attulimus:
2106 3691 2215 3756 «llam
2234 3694 2259 3756 is

503 3799 603 3844 unum
622 3799 640 3845 e
661 3779 765 3844 multis
786 3777 974 3860 significent,
996 3796 1059 3842 uon
1079 3779 1229 3843 contiuuo
1248 3785 1354 3841 umen
1410 3779 1650 3842 minutissimos
1661 3779 1832 3845 Graecorum
1842 3790 1890 3847 est
1901 3787 2111 3852 secutus.»1n
2123 3789 2258 3856 bisenim

503 3878 736 3961 partitivasunt.
751 3877 920 3960 Siquando
933 3884 1132 3943 tamenmore
1146 3877 1356 3959 partitivorum
1411 3883 1443 3968 et
1467 3877 1617 3942 similibus
1637 3879 1723 3942 nulls
1740 3879 1861 3946 videtur
1882 3887 2071 3967 comperatio
2097 3907 2186 3968 esse,
2206 3890 2257 3954 sed

503 3983 737 4056 construuntur,
752 3975 881 4058 positiva
899 3995 919 4040 a
939 3975 1052 4058 quibus
1071 3975 1164 4055 liunt,
1183 3976 1352 4040 imitantur.
1411 3975 1549 4058 partitio;
1570 3976 1655 4058 quod
1669 3976 1761 4042 lecile
1779 3979 1970 4062 intelligitur,
1984 3984 2008 4048 si
2024 3987 2193 4066 genitivum
2209 4007 2258 4054 eo·

503 4071 545 4138 Ut
559 4073 642 4138 enim
654 4073 764 4136 multus
773 4072 912 4155 partitive
928 4073 1063 4156 ponitur,
1075 4073 1120 4136 sic
1127 4075 1234 4158 plures
1246 4081 1278 4136 ct
1287 4075 1355 4155 ptu-
1412 4074 1484 4138 dem
1496 4092 1570 4138 casu
1583 4077 1753 4157 iungemus
1773 4096 1845 4141 cum
1858 4082 2055 4164 superlativo,
2070 4085 2132 4151 boc
2144 4087 2255 4152 modo:

505 4168 587 4237 rinei.
600 4171 749 4252 Eiusdem
763 4171 885 4252 generis
898 4172 1039 4247 videntau
1051 4171 1356 4256 illaquoesubstanti·
1410 4171 1556 4234 minimas·
1576 4193 1639 4252 res,
1666 4177 1848 4258 asperrimus
1869 4179 1998 4258 insulas,
2022 4185 2256 4249 eminemahinoe

504 4271 550 4335 vis
572 4271 717 4336 destituta
738 4271 908 4352 genitivum
929 4270 1055 4336 babent.
1078 4270 1237 4352 Lucanus,
1261 4270 1283 4334 l.
1306 4269 1354 4351 ll,
1414 4269 1552 4350 Grecos
1569 4271 1656 4353 quod
1674 4272 1747 4356 ipsis
1769 4275 1903 4340 maxime
1917 4279 2066 4360 pertitivis
2086 4285 2255 4348 usuvenit.

504 4385 536 4435 v.
549 4371 634 4434 272:
788 4390 796 4411 ·
1412 4366 1493 4441 Quid
1510 4369 1594 4432 enim
1611 4370 1711 4450 aliud,
1733 4371 1819 4436 nullo
1839 4374 2022 4460 bliaut-aen,
2044 4383 2168 4464 quiden
2183 4385 2258 4446 mitt

569 4537 682 4558 .....
699 4504 925 4557 linteamen
936 4503 1177 4558 discordiaturbet.
1412 4475 1485 4544 ‘um’
1500 4469 1776 4553 'mmmm’
1792 4491 1900 4555 qums
1916 4477 2257 4566 ”uussfflfflsffldffl

624 4637 631 4651 ,
684 4638 690 4652 ,
754 4638 760 4652 ,
1410 4564 1505 4644 miles,
1519 4567 1750 4652 neruoprinceps
1763 4569 1937 4651 significat?

505 4637 670 4702 Suetonius
682 4656 715 4702 ιιι
728 4636 809 4718 lito,
818 4657 848 4703 c.
862 4637 1064 4703 Rediens..
1076 4637 1186 4722 purtim
1199 4636 1307 4718 subpcr
1317 4653 1354 4701 uc
