4646 6166
689 877 809 1018 DE
858 879 1301 1028 NOMINUM
1354 879 2058 1026 DECLINATIONE

556 1238 645 1316 179.
676 1237 844 1318 Nomina
862 1239 1076 1345 composita
1089 1239 1168 1321 iere
1183 1239 1303 1320 instar
1317 1236 1552 1342 simplicium
1566 1234 1827 1318 declinantur.

553 1361 832 1468 incompositis
851 1372 977 1444 rectus
997 1372 1146 1445 tanturn
1166 1390 1277 1445 casus
1294 1360 1521 1456 declinatur,
1541 1368 1584 1440 ut
1602 1362 1779 1440 tribunus
1793 1358 1931 1466 plebis,
1953 1356 2239 1460 tribuniplebis,

498 1489 651 1568 tribuno
666 1489 805 1592 plebis,
819 1489 1015 1568 tribunum
1027 1490 1164 1596 plebis,
1186 1498 1261 1570 etc.
1286 1489 1370 1569 Huc
1389 1495 1566 1594 spectant
1585 1485 1964 1582 senatusconsultum,
1979 1483 2239 1586 jurisperitum

491 1613 795 1716 paterfamilias,
814 1620 929 1718 atque
942 1612 1019 1694 alia
1031 1613 1206 1720 ejusdem
1220 1611 1388 1722 generis.

551 1736 591 1817 Si
612 1762 755 1817 nomen
771 1763 817 1817 ex
832 1736 982 1818 duobus
1000 1739 1111 1820 rectis
1131 1740 1346 1845 copuletur,
1363 1748 1524 1844 uterque
1544 1735 1817 1837 declinabitur,
1840 1742 1884 1815 ut
1903 1733 2134 1839 respublica,
2145 1732 2241 1835 juu-

488 1862 738 1964 juraudum:
760 1863 992 1967 reipublicae,
1008 1864 1296 1970 rempublicam,
1315 1871 1389 1945 etc.
1406 1909 1460 1924 —
1473 1865 1673 1943 Euctemon
1690 1893 1699 1940 ε
1717 1863 1921 1958 alteruter,
1938 1857 2049 1964 cujus
2062 1854 2241 1963 posterior

499 1992 651 2066 tantum
666 2010 753 2091 pars
768 1986 998 2087 declinatur,
1017 1997 1173 2095 excepto
1189 1987 1359 2098 genitivo
1374 1987 1577 2097 singulari,
1594 1987 1659 2094 qui
1678 1994 1841 2091 utroque
1863 1985 1976 2064 modo
1997 1980 2236 2064 declinatur:

496 2112 720 2190 alterutrius
734 2118 773 2191 el
786 2113 945 2192 altera'us
957 2117 1100 2192 utrius.

549 2233 718 2316 Nomina
741 2244 879 2318 neutra
903 2243 1113 2319 trescasas
1137 2239 1282 2320 habent
1304 2238 1467 2340 similes,
1494 2236 1742 2337 nominandi,
1769 2232 1974 2318 accusandi
1999 2239 2039 2314 et
2061 2229 2235 2332 vocandi;

495 2360 561 2465 qui
576 2386 739 2442 numero
755 2362 1014 2444 multitudinis
1027 2391 1052 2443 u
1067 2363 1180 2445 litera
1194 2363 1468 2464 terminantur,
1486 2372 1625 2471 praeter
1638 2363 1746 2442 anaba
1762 2370 1801 2442 et
1814 2363 1906 2442 duo.

548 2483 751 2570 Vocativus
779 2484 986 2595 singularis
1010 2496 1156 2593 quartu
1183 2497 1221 2570 ct
1249 2488 1393 2595 quinta
1419 2487 1687 2570 declinationis
1715 2484 1851 2566 similis
1878 2491 1938 2565 est
1965 2478 2234 2563 nominativo:

496 2636 641 2709 seusus,
658 2637 842 2712 onerosus,-
855 2614 952 2714 dies,
970 2641 992 2693 o
1007 2614 1101 2695 dces.

549 2734 818 2817 Nominativus
835 2745 874 2819 et
892 2737 1089 2820 vocativus
1109 2738 1369 2819 multitudinis
1387 2738 1532 2820 similes
1555 2746 1644 2819 sunt
1668 2768 1677 2818 :
1703 2764 1835 2836 musa,
1861 2764 1883 2817 o
1906 2760 2045 2834 musam
2068 2736 2234 2830 uirtutes,

494 2883 516 2940 o
531 2865 702 2941 uirtutes.

546 2985 703 3067 Dativus
722 2995 760 3067 et
781 2986 969 3068 ablativus
988 2989 1141 3072 numeri
1161 2989 1323 3097 pluralis
1341 2988 1486 3072 similes
1504 2996 1595 3070 sunt
1619 3019 1627 3068 :
1649 2991 1781 3087 muas,
1807 3011 1833 3067 a
1856 2989 1996 3082 mmm·
2017 2982 2234 3080 cartutrbm,

493 3113 745 3191 aaartutibus.

546 3691 635 3811 nn
675 3693 1123 3816 vacuamus
1159 3697 1251 3813 au
1289 3698 1641 3818 urrunnu
1677 3651 2180 3824 nnonmnonn

546 4023 627 4094 180.
672 4031 830 4096 Desiluere
850 4033 932 4114 apud
949 4032 1118 4096 Varronem
1141 4033 1173 4095 in
1194 4031 1278 4096 tibris
1301 4033 1340 4098 de
1396 4025 1529 4091 Romulo
1542 4045 1560 4090 a
1573 4047 1606 4091 ae
1617 4046 1733 4095 norum
1746 4016 1860 4094 nomeu
1874 4030 2030 4095 declinare
2043 4029 2241 4114 atquededu-

491 4129 579 4212 ling.
591 4131 645 4193 lat.
658 4150 719 4194 non
733 4133 834 4196 solum
848 4131 973 4195 nonrina
987 4131 1017 4194 in
1030 4150 1131 4206 maus,
1141 4139 1196 4194 aut
1205 4134 1298 4197 verba
1310 4134 1341 4198 iu
1397 4144 1466 4189 cere
1480 4143 1538 4190 ³⁰⁰
1556 4127 1702 4191 arbitratu
1707 4146 1718 4211 3
1739 4147 1802 4193 non
1821 4135 1926 4192 lamen
1947 4127 1975 4192 ei
1996 4127 2126 4192 liberum
2138 4126 2196 4192 luit
2209 4128 2239 4190 iu

492 4230 632 4310 tempora
651 4227 797 4292 inclinare
818 4229 979 4309 significat,
1003 4229 1057 4292 sed
1080 4229 1172 4292 etiam
1187 4229 1342 4296 deducere
1396 4242 1486 4287 casus
1511 4224 1551 4287 ad
1577 4225 1735 4288 arbitrium
1761 4245 1854 4291 suum
1884 4226 2040 4291 inclinare·
2075 4225 2242 4289 Audiamus

491 4331 583 4407 utque
607 4326 744 4390 derivare
749 4343 761 4405 3
789 4327 872 4390 unde
900 4326 1106 4390 declinationis
1134 4346 1246 4392 nomeu
1269 4329 1341 4394 inda
1397 4320 1496 4403 ipsum
1516 4322 1697 4402 Varronem,
1719 4324 1740 4387 Ι.
1764 4324 1808 4402 Χ,
1831 4327 1902 4388 ll:
1930 4324 2071 4388 «Prima
2089 4321 2192 4386 divisio
2210 4319 2241 4382 in

491 4423 677 4505 proiectum,
691 4424 853 4508 utriusque
872 4424 1103 4508 significationis
1116 4427 1269 4510 particeps
1281 4434 1339 4491 eat.
1397 4419 1547 4498 Oratione,
1568 4421 1653 4503 qu⁰d
1673 4421 1732 4486 ⁸¹58
1752 4422 1845 4486 verbfl
1867 4439 2019 4505 nusquam
2038 4421 2239 4494 decllssbssllll',

491 4521 672 4600 Decliuatio,
694 4543 763 4606 quan
781 4542 800 4587 a
817 4523 918 4604 priore
931 4523 1151 4605 significatione
1164 4524 1273 4605 oritur,
1287 4547 1341 4589 aa·
1396 4525 1430 4580 ul
1443 4518 1530 4582 haec:
1546 4521 1610 4594 utic,
1631 4541 1721 4600 moa,·
1740 4521 1800 4585 ulia
1819 4520 2024 4597 declinantur,
2047 4525 2082 4582 ut
2102 4518 2141 4582 ab
2158 4516 2239 4592 lino,

492 4620 600 4682 noratis
617 4621 729 4684 dicitur
750 4622 788 4685 ab
809 4621 921 4685 eodem
934 4620 1070 4686 Varrone
1076 4641 1087 4704 3
1109 4641 1179 4706 quae
1199 4643 1219 4686 a
1238 4630 1341 4706 poste-
1394 4615 1513 4692 limabo,
1528 4635 1546 4679 a
1559 4619 1636 4698 sero,
1645 4619 1789 4701 ferebam,
1797 4626 1859 4682 etc.
1873 4617 2016 4683 Secunda
2025 4615 2133 4680 divisio
2145 4613 2240 4678 ealda

490 4717 582 4797 riona,
602 4719 784 4782 uoluntaria.
810 4717 945 4783 Romulo
968 4721 1063 4800 enim,
1084 4721 1216 4803 exempli
1235 4740 1340 4799 causa,
1395 4714 1442 4777 his
1455 4715 1555 4778 verbis
1567 4735 1636 4798 qum
1649 4717 1795 4781 declinari
1814 4723 1958 4800 possunt,
1972 4715 2056 4798 quod
2070 4713 2241 4777 alluunt·

489 4815 882 4896 inmanufuitaseUrbem,
891 4817 1282 4894 velllomam,velRomum.
1291 4820 1339 4883 vel
1395 4812 1564 4891 voluntate,
1578 4813 1664 4878 aliua
1677 4820 1799 4878 natura.
1813 4813 2008 4878 Voluntatem
2021 4811 2156 4895 appello,
2167 4827 2239 4872 cum

491 4913 647 4976 Romulum
661 4914 831 4997 appellare3
847 4921 1028 4978 nontamen
1047 4915 1078 4979 in
1095 4917 1163 4997 ejus
1176 4915 1236 4979 init
1251 4922 1341 4999 pote·
1397 4911 1575 4994 unusquiuis
1588 4931 1606 4974 a
1617 4913 1744 4976 nornine
1764 4912 1825 4976 alio
1844 4909 1975 4993 imponit
1987 4927 2114 4984 nornen,
2132 4914 2165 4971 ut
2181 4906 2241 4968 Ito·

488 5017 567 5074 state
581 5011 724 5093 imposito
737 5012 853 5076 nomini
866 5031 978 5077 novam
991 5013 1064 5076 dare
1077 5013 1338 5078 declinationem:
1394 5010 1490 5073 mulus
1509 5009 1623 5074 Romu.
1645 5009 1792 5074 Naturam
1813 5009 1895 5088 dico,
1910 5027 1983 5072 cum
2005 5005 2135 5072 universi
2154 5021 2240 5067 accc

488 5109 584 5172 Roma
601 5128 732 5192 namque
749 5111 921 5174 necessario
939 5117 974 5172 ut
991 5116 1101 5175 catera
1113 5111 1203 5193 primi
1224 5111 1340 5176 ordinis
1394 5114 1481 5188 ptum
1495 5125 1611 5172 nomen
1625 5107 1665 5172 ab
1676 5127 1715 5173 eo
1729 5109 1784 5190 qui
1798 5107 1960 5191 imposuit,
1979 5123 2043 5172 non
2060 5103 2241 5189 requirimus

490 5205 704 5272 declinabitur.
731 5208 821 5282 Quod
845 5208 869 5272 si
893 5207 1074 5287 Romulum,
1101 5215 1135 5272 ut
1159 5208 1336 5290 Tarentum,
1394 5205 1658 5287 quemadmodum
1679 5207 1710 5270 id
1729 5206 1803 5270 vetit
1821 5205 1979 5282 declinari,
1998 5203 2054 5269 aad
2073 5203 2128 5286 ipsi
2147 5200 2241 5264 decli-

430 5297 431 5302 ’
489 5311 544 5369 aut
557 5305 756 5389 Dyrrachium
769 5306 851 5368 dicta
863 5303 973 5369 luisset
989 5304 1104 5385 Roma,
1119 5307 1158 5369 ud
1171 5307 1339 5370 meandum
1394 5321 1503 5369 namns
1511 5351 1521 5382 ,
1535 5313 1571 5368 ut
1584 5304 1672 5388 liujus
1683 5305 1804 5381 Romu,
1819 5304 1896 5369 lanc
1906 5303 2049 5380 Romam,
2068 5301 2122 5364 boc
2134 5301 2239 5361 Romu.

487 5401 618 5466 sormam
630 5402 802 5470 necessario
816 5410 980 5486 spectaret.
996 5401 1103 5488 ltaque
1113 5405 1267 5487 integrum
1282 5403 1339 5468 luit
1394 5401 1440 5466 lle
1453 5403 1500 5466 his
1518 5403 1638 5468 duabus
1656 5403 1809 5488 partibus,
1827 5400 2000 5469 voluntaria
2018 5397 2180 5474 declinatio
2193 5415 2240 5460 ro
