4616 6160
597 469 642 521 DE
661 467 851 522 VERBORUM
872 468 1087 519 enAETnmtts
1108 470 1150 522 ΕΤ
1170 469 1317 522 suenus.

227 604 319 684 209.
351 605 453 683 Dant
467 603 522 702 dl,
538 628 638 701 sum,
653 602 772 690 ordeo,
788 602 914 694 sedeo,
931 625 1020 680 eum
1029 603 1222 706 proadem
1238 627 1369 680 verum

350 729 378 807 S
391 725 565 835 geminat
577 752 737 824 sessum3
750 724 887 804 stavili*
902 724 960 804 nil
971 727 1138 831 pustulat
1151 727 1268 805 ultra.

351 852 521 951 Mordeo,
539 849 727 956 praeterito
742 849 953 957 geminato,
971 850 1081 930 sseote
1095 852 1302 948 momordi,

350 976 538 1074 Moesum,
552 975 790 1080 despondet,
808 976 950 1074 tondet,
968 973 1176 1079 siopendeo
1191 975 1337 1054 ssectes.
1460 1031 1462 1046 .

349 1103 422 1181 Dat
438 1101 603 1200 mansel,
619 1126 810 1199 mansum,-
823 1103 947 1180 ruenni
956 1099 1021 1179 sed
1028 1103 1241 1204 proeminet
1254 1106 1375 1204 optat,

350 1227 564 1324 Prominet,
580 1229 772 1325 oinmz'neo,
789 1223 904 1303 simul
919 1229 1062 1304 eminet
1077 1225 1220 1328 absque
1235 1223 1392 1329 supino.

351 1349 492 1430 Hoereo
511 1349 577 1430 dat
593 1355 642 1449 sl,
663 1377 763 1450 sum,
786 1375 876 1428 eum
894 1351 1042 1446 model,
1063 1351 1206 1428 mulcet
1225 1355 1263 1427 et
1283 1349 1405 1446 ardet,

355 1476 495 1579 Teoqeo
509 1501 600 1556 eum
614 1477 773 1579 mulnet,
791 1475 909 1574 ridet·
924 1474 988 1554 sed
1002 1486 1174 1580 torqueo,
1192 1484 1354 1552 tortum.

349 1599 524 1704 Sjussa‘³,
537 1602 695 1704 jussum
708 1598 919 1708 geminant.
936 1600 1136 1702 led-olqeo,
1150 1603 1199 1696 sl,
1215 1609 1314 1676 tvvm.

357 1725 493 1829 (leaeo,
510 1728 721 1824 sitantum,
735 1748 823 1803 cum
837 1724 976 1826 fnlqet,
993 1735 1124 1826 torqet
1135 1729 1174 1802 et
1187 1724 1304 1826 αἱρεῖ.

350 1851 471 1954 Luqot
483 1848 558 1929 fert
569 1850 673 1947 luet}
684 1847 918 1953 jampridem
933 1873 1060 1951 quaero
1075 1845 1274 1952 supinum.

351 1975 474 2055 Luoeo
486 1974 673 2053 duntaxat
687 1974 790 2071 luno,
805 1971 858 2052 sio
872 1976 1018 2076 foz'qeo,
1040 1975 1157 2074 freni.

352 2101 480 2204 Aaqeo
494 2095 688 2203 praeterito
702 2095 791 2176 lacit
803 2100 909 2196 auat,
924 2108 1155 2201 auctumque
1170 2093 1319 2200 supino.

353 2223 438 2322 ldm',
456 2234 573 2321 etum,
591 2225 682 2320 oo'eo,
698 2222 784 2326 flet,
801 2221 903 2320 nell,
920 2246 1008 2302 oum
1022 2221 1141 2318 doleo,
1159 2242 1319 2323 quaeque

353 2348 486 2451 Apleo
499 2353 726 2443 nascuntur,
742 2345 873 2449 repleo
888 2370 973 2444 eeu,
989 2345 1157 2448 suppleo,
1175 2343 1352 2447 complet.

354 2473 464 2550 Co'oo'5
478 2496 589 2551 sume
604 2474 738 2569 colum·
751 2476 897 2574 quartae
909 2468 974 2548 sed
990 2468 1158 2576 pignora
1173 2465 1302 2547 redde.

134 2659 144 2700 ¹
158 2657 285 2720 Strideo.
301 2689 342 2705 -
355 2659 369 2701 ²
382 2656 499 2720 Moneo.
516 2658 580 2705 -θ
595 2655 696 2718 dobeo.
713 2692 751 2702 -
765 2659 777 2699 1
791 2656 878 2735 Fteo,
890 2673 952 2717 neo.
968 2689 1007 2702 -
1021 2657 1035 2697 ⁵
1051 2653 1127 2716 Cieo.

132 2879 247 2942 Prondi
258 2880 505 2958 [usitatissimum
535 2888 591 2943 est.
629 2881 729 2945 Plaut.
741 2928 752 2960 ,
786 2879 933 2946 uenaech.
992 2878 1087 2942 citant
1106 2883 1229 2941 testem.
1245 2877 1413 2943 Verisimile
1435 2886 1481 2944 est
1498 2883 1607 2956 mulsi,
1627 2883 1766 2945 mulctum
1784 2885 1838 2948 ali-

5 3009 6 3060 1
98 2978 256 3057 act,11‚sc,
274 2982 306 3057 3,
320 2997 350 3040 v.
367 2981 406 3042 50
428 2998 437 3042 t
499 3018 501 3022 .
991 2976 1115 3059 quando
1124 2976 1219 3038 etiam
1227 2975 1333 3054 tuisse,
1345 2976 1426 3039 unde
1435 2979 1579 3055 mulctra,
1589 2980 1746 3042 mulctrale
1759 2981 1839 3044 dicta

5 3341 7 3396 l
98 3301 184 3381 ldem,
198 3303 284 3366 Poen.
299 3308 358 3365 aet.
373 3301 424 3379 lll,
438 3320 482 3365 so.
497 3306 567 3380 5,v.
581 3305 639 3365 ll:
742 3367 748 3378 ,

95 3619 296 3701 (tamma,
312 3621 334 3684 l.
348 3621 385 3699 V,
405 3629 483 3705 ep.t
503 3621 617 3685 :uSed
634 3621 812 3704 prandimus
825 3621 856 3683 iu
878 3622 933 3684 Ar·
1033 3656 1143 3738 Two

5 3717 6 3796 {
94 3735 175 3782 oeno.
190 3742 206 3778 ι
222 3753 264 3768 -
291 3718 427 3782 Pronsus
444 3739 508 3782 sum
531 3720 620 3782 affert
641 3719 735 3783 etiam
760 3718 873 3783 Gellius
895 3737 933 3782 ex
1144 3703 1154 3733 ’

96 3813 234 3894 Varrone,
249 3818 273 3880 l.
289 3816 327 3895 ll,
343 3837 371 3880 o.
386 3820 438 3894 25,
453 3817 539 3900 quod
553 3817 704 3893 noudum,
720 3817 843 3880 nisime
856 3816 934 3880 fallit
990 3869 1042 3933 ep·
1063 3854 1102 3914 10
1121 3874 1128 3914 :

5 3905 7 3956 i
94 3916 252 3992 memoria,
276 3914 338 3996 legi
360 3915 444 3997 apud
468 3921 600 3979 veteres.
620 3914 719 3997 Supra
741 3914 772 3976 in
796 3921 933 3979 extremo

991 3079 1073 3138 sunt.
1098 3073 1274 3149 Sallustius,
1297 3073 1319 3135 l.
1342 3073 1381 3135 lv
1400 3073 1530 3153 tristor,
1553 3075 1704 3139 referente
1726 3078 1838 3142 eodem

150 3150 288 3202 “Min
299 3150 368 3201 Μ·
993 3165 1158 3243 Prisciano,
1176 3189 1191 3226 o
1210 3167 1308 3230 verbis
1327 3169 1487 3250 permutati
1497 3191 1512 3228 s
1529 3168 1604 3231 dixit
1622 3188 1641 3232 a
1656 3172 1836 3250 permulceo,

992 3282 1055 3346 quo
1070 3264 1229 3346 participio
1248 3283 1321 3327 usus
1340 3271 1387 3327 est
1400 3264 1491 3327 etium
1505 3264 1632 3344 Gellius,
1653 3266 1674 3329 l.
1695 3266 1719 3345 l,
1739 3286 1766 3329 o.
1786 3272 1837 3331 11.

992 3362 1120 3439 Phooas,
1139 3381 1171 3444 p.
1191 3367 1280 3440 1713,
1298 3363 1379 3426 idem
1391 3364 1590 3446 preteritum,
1607 3365 1666 3430 hoe
1677 3367 1836 3444 estmulsi,

149 3470 265 3522 fetidum
274 3471 415 3537 mandeti
427 3472 575 3536 prandium.
989 3461 1097 3524 tribuit
1104 3462 1237 3542 utrique.
1246 3460 1419 3536 Diomedes,
1430 3460 1451 3524 l.
1468 3460 1491 3539 l,
1503 3481 1534 3543 p.
1546 3465 1618 3538 363,
1631 3463 1729 3525 mulsi
1737 3464 1833 3527 verbo
1850 3495 1852 3503 ·

990 3560 1104 3640 melyro
1116 3559 1259 3622 attribuit.

1164 3676 1205 3734 es,
1215 3657 1342 3720 secundi
1351 3656 1475 3736 ordinis,
1486 3674 1548 3720 uon
1557 3658 1653 3720 semel
1666 3657 1748 3738 apud
1761 3658 1836 3722 ido·

992 3771 1068 3816 neos
1078 3759 1217 3817 auctores
1229 3753 1388 3834 reperitur.
1404 3753 1509 3817 Cicero
1519 3754 1559 3816 ud
1567 3752 1672 3827 Quint.
1682 3755 1745 3830 Fu,
1761 3755 1785 3819 l.
1796 3754 1835 3833 ll,

1150 3851 1297 3914 «Amabo
1316 3855 1360 3929 te,
1384 3850 1508 3926 advola,
1534 3851 1717 3915 consolabor
1740 3858 1786 3931 te,
1808 3858 1839 3916 et

990 3967 1116 4014 omnem
1130 3949 1293 4030 atsteryebo
1305 3949 1453 4012 dolorem.
1468 3970 1483 4007 s
1503 3985 1540 3995 -
1553 3951 1684 4012 Arsuras
1696 3968 1777 4033 saepe
1790 3952 1838 4013 in-

5 4071 6 4106 ,
93 4009 201 4077 emto
214 4013 247 4076 iu
263 4012 276 4076 l
294 4013 440 4094 Coniug,
460 4031 499 4076 ex
517 4013 619 4076 Nonio
636 4012 779 4075 Marcello
799 4012 933 4075 diximus
991 4049 1123 4111 venitur·
1138 4047 1241 4125 ovid„
1254 4048 1375 4110 Metam·
1390 4046 1473 4124 xw,
1488 4067 1517 4111 „U
1531 4052 1589 4112 747
1608 4067 1616 4109 :

93 4108 159 4188 quid
175 4119 316 4188 ooenotvs,
336 4129 475 4192 pronas,
495 4117 581 4192 pone
603 4109 812 4190 significat—
826 4110 933 4172 Hoeso-

5 4221 7 4288 ζ
94 4213 196 4272 mest
207 4208 292 4290 apud
302 4206 456 4282 Ovidium,
469 4207 558 4270 Trist.
572 4207 625 4285 Ill,
641 4207 720 4287 eleg.
736 4210 767 4285 l,
781 4226 812 4269 v.
828 4210 879 4269 36.
891 4241 932 4254 -
1053 4225 1200 4290 uanusque
1212 4238 1310 4277 arsuro
1323 4225 1442 4290 portabat
1453 4227 1567 4278 membra
1581 4227 1712 4292 pheretro.

5 4357 7 4406 l

5 4305 7 4350 t
95 4301 198 4368 Hvloeo
210 4311 243 4368 et
256 4305 371 4386 nmtqeo
384 4305 581 4368 consentiunt
593 4304 750 4385 preteritis
763 4310 795 4366 et
804 4303 930 4384 supinis.

5 4413 7 4474 4
94 4397 307 4482 lng.,Georg.
322 4400 376 4478 lll,
389 4420 419 4463 v.
435 4404 520 4464 400:
991 4385 1088 4464 Idem,
1102 4387 1184 4449 Fast.
1197 4386 1246 4464 lv,
1261 4405 1290 4449 v.
1306 4390 1388 4449 510:

147 4579 218 4641 Quod
227 4587 351 4645 surgente
361 4578 405 4631 dte
413 4578 534 4642 mulsere,
543 4578 667 4644 horisque
676 4579 786 4641 diurnis,
1053 4563 1141 4614 Portet
1154 4569 1180 4613 et
1193 4563 1298 4614 arsuris
1311 4563 1383 4614 arida
1394 4563 1463 4628 ligna
1476 4564 1550 4616 locis.

148 4661 365 4727 flostepremunt.

1032 4724 1154 4786 Torsom
1166 4743 1184 4787 a
1195 4733 1315 4806 torqueo
1331 4725 1413 4805 apud
1426 4725 1644 4788 vetustissimos
1655 4724 1805 4806 reperitur
1817 4745 1828 4806 ;

5 4885 7 4904 ‚
92 4813 211 4898 Plinius,
228 4822 250 4884 l.
270 4819 311 4900 x,
326 4839 355 4883 c.
372 4823 421 4898 56,
435 4826 474 4885 l:
494 4820 689 4905 «caprisque
708 4821 841 4900 caecitas,
852 4840 931 4903 quas
990 4822 1045 4885 sed
1056 4822 1121 4903 jam
1134 4821 1277 4885 exolevit.
1287 4856 1328 4869 -
1340 4821 1565 4886 lodotsumuon
1581 4821 1669 4884 tacite
1683 4821 1832 4900 invenies,

5 4907 7 5002 l
92 4913 129 4977 iu
146 4919 286 4996 mirere,
301 4919 450 4984 oboritur.
463 4941 479 4980 n
490 4919 597 4995 Varro,
616 4919 656 4982 de
678 4918 724 4982 Re
744 4926 835 4998 rust,
853 4921 874 4981 l.
892 4919 934 4998 ll,
991 4937 1092 5000 neque
1104 4919 1293 4998 grammatici
1302 4919 1399 4982 ultum
1406 4926 1517 4982 testem
1528 4919 1631 4982 citant.
1646 4919 1715 4982 olle
1729 4937 1831 5000 vrqeo,

5 5009 6 5030 ¹
91 5029 116 5074 e.
131 5018 165 5076 11
178 5035 188 5078 :
202 5017 252 5079 «A
265 5016 451 5098 mulgendo,
473 5025 567 5100 atque
581 5025 653 5080 ortu
671 5017 823 5098 optimum
838 5025 884 5081 est
902 5018 933 5081 id
991 5016 1091 5097 inquit
1104 5017 1231 5094 Phooes,
1246 5035 1277 5098 p.
1290 5019 1380 5087 1713,
1396 5022 1427 5080 et
1438 5026 1540 5098 turqoo
1550 5015 1729 5097 ambigitur,
1744 5037 1760 5076 s
1777 5015 1832 5078 sed

5 5127 6 5140 ¹
90 5111 169 5192 quod
193 5130 295 5197 neque
318 5122 498 5178 emunotum
527 5116 619 5196 longe
642 5113 727 5178 obest
752 5134 771 5177 a
793 5117 929 5178 mulso.»
991 5114 1076 5197 quod
1086 5115 1195 5177 attinet
1204 5115 1243 5178 de
1257 5133 1358 5197 arqeo,
1368 5115 1472 5179 Cicero
1486 5115 1526 5178 ad
1540 5115 1650 5189 Quint.
1666 5114 1730 5193 Fr,
1744 5114 1767 5176 l.
1780 5112 1835 5191 lll,

5 5239 6 5242 ¹
90 5204 224 5288 Quidum,
240 5216 275 5274 ut
286 5210 460 5274 Priscianus
474 5211 587 5294 inquit,
602 5211 623 5274 l.
640 5211 692 5290 lX,
708 5230 740 5295 p.
756 5215 828 5291 870,
846 5212 933 5275 dille·
991 5232 1041 5295 ep.
1055 5216 1089 5292 9,
1103 5213 1142 5276 de
1154 5212 1279 5277 Gabinio
1289 5215 1430 5297 loquens,
1439 5232 1563 5277 omnem
1576 5212 1698 5277 sustulit
1711 5212 1836 5275 dubita-

5 5303 6 5370 }
90 5306 301 5389 mundusne,
315 5309 415 5372 mmet
421 5328 441 5372 a
450 5309 564 5390 mutyeo
576 5309 729 5388 dixerunt,
744 5310 798 5374 sed
811 5310 931 5374 nullum
991 5311 1125 5374 tionem:
1138 5310 1266 5389 ollium,
1280 5310 1389 5393 inquit,
1405 5329 1506 5394 neque
1519 5311 1598 5386 ursi,
1608 5328 1710 5392 neque
1724 5309 1836 5386 levavi,

1639 5430 1677 5489 27
