<?xml version="1.0" encoding="UTF-8"?>
<!DOCTYPE html PUBLIC "-//W3C//DTD XHTML 1.0 Transitional//EN"
    "http://www.w3.org/TR/xhtml1/DTD/xhtml1-transitional.dtd">
<html xmlns="http://www.w3.org/1999/xhtml" xml:lang="en" lang="en">
 <head>
  <title>
</title>
<meta http-equiv="Content-Type" content="text/html;charset=utf-8" />
  <meta name='ocr-system' content='tesseract 3.04.00' />
  <meta name='ocr-capabilities' content='ocr_page ocr_carea ocr_par ocr_line ocrx_word'/>
</head>
<body>
  <div class='ocr_page' id='page_1' title='image "./emmanuelisalvar00alvagoog/emmanuelisalvar00alvagoog_0284.png"; bbox 0 0 4656 6156; ppageno 0'>
   <div class='ocr_carea' id='block_1_1' title="bbox 437 562 1668 642">
    <p class='ocr_par' dir='ltr' id='par_1_1' title="bbox 437 562 1668 642">
     <span class='ocr_line' id='line_1_1' title="bbox 437 562 1668 642; baseline -0.002 -2"><span class='ocrx_word' id='word_1_1' title='bbox 437 562 512 641; x_wconf 69' lang='lat'>268</span> <span class='ocrx_word' id='word_1_2' title='bbox 952 590 998 642; x_wconf 86' lang='lat' dir='ltr'>ne</span> <span class='ocrx_word' id='word_1_3' title='bbox 1017 589 1299 641; x_wconf 83' lang='lat' dir='ltr'>consrnucrronu</span> <span class='ocrx_word' id='word_1_4' title='bbox 1321 583 1529 640; x_wconf 79' lang='lat' dir='ltr'>rnnusrrrvn</span> <span class='ocrx_word' id='word_1_5' title='bbox 1549 589 1668 640; x_wconf 84' lang='lat' dir='ltr'>vuum.</span> 
     </span>
    </p>
   </div>
   <div class='ocr_carea' id='block_1_2' title="bbox 434 719 2190 1392">
    <p class='ocr_par' dir='ltr' id='par_1_2' title="bbox 434 719 2190 1392">
     <span class='ocr_line' id='line_1_2' title="bbox 442 719 2185 804; baseline -0.002 -22"><span class='ocrx_word' id='word_1_6' title='bbox 442 721 564 785; x_wconf 80' lang='lat' dir='ltr'>«Multo</span> <span class='ocrx_word' id='word_1_7' title='bbox 580 723 665 799; x_wconf 84' lang='lat' dir='ltr'>milri,</span> <span class='ocrx_word' id='word_1_8' title='bbox 681 722 796 799; x_wconf 87' lang='lat' dir='ltr'>multo,</span> <span class='ocrx_word' id='word_1_9' title='bbox 817 723 953 804; x_wconf 87' lang='lat' dir='ltr'>inquam,</span> <span class='ocrx_word' id='word_1_10' title='bbox 966 721 1098 801; x_wconf 85' lang='lat' dir='ltr'>judices,</span> <span class='ocrx_word' id='word_1_11' title='bbox 1110 729 1237 803; x_wconf 83' lang='lat' dir='ltr'>praestat</span> <span class='ocrx_word' id='word_1_12' title='bbox 1253 720 1283 783; x_wconf 91' lang='lat' dir='ltr'>iu</span> <span class='ocrx_word' id='word_1_13' title='bbox 1342 724 1360 783; x_wconf 81' lang='grc'>3</span> <span class='ocrx_word' id='word_1_14' title='bbox 1377 740 1385 783; x_wconf 89' lang='lat'><strong>:</strong></span> <span class='ocrx_word' id='word_1_15' title='bbox 1406 744 1421 780; x_wconf 84' lang='lat' dir='ltr'>a</span> <span class='ocrx_word' id='word_1_16' title='bbox 1435 720 1514 783; x_wconf 94' lang='lat' dir='ltr'>Illud</span> <span class='ocrx_word' id='word_1_17' title='bbox 1535 738 1661 803; x_wconf 89' lang='lat' dir='ltr'>quoque</span> <span class='ocrx_word' id='word_1_18' title='bbox 1681 719 1762 782; x_wconf 81' lang='lat' dir='ltr'>nubis</span> <span class='ocrx_word' id='word_1_19' title='bbox 1781 719 1892 783; x_wconf 86' lang='lat' dir='ltr'>accedit</span> <span class='ocrx_word' id='word_1_20' title='bbox 1910 720 2185 784; x_wconf 74' lang='lat' dir='ltr'>incommodum.»</span> 
     </span>
     <span class='ocr_line' id='line_1_3' title="bbox 437 816 2190 899; baseline -0.001 -18"><span class='ocrx_word' id='word_1_21' title='bbox 437 818 579 881; x_wconf 88' lang='lat' dir='ltr'>eamdem</span> <span class='ocrx_word' id='word_1_22' title='bbox 599 818 684 881; x_wconf 89' lang='lat' dir='ltr'>illam</span> <span class='ocrx_word' id='word_1_23' title='bbox 705 817 843 881; x_wconf 88' lang='lat' dir='ltr'>recidere</span> <span class='ocrx_word' id='word_1_24' title='bbox 867 817 1034 895; x_wconf 83' lang='lat' dir='ltr'>fortumm,</span> <span class='ocrx_word' id='word_1_25' title='bbox 1055 837 1148 899; x_wconf 87' lang='lat' dir='ltr'>quam</span> <span class='ocrx_word' id='word_1_26' title='bbox 1167 823 1284 880; x_wconf 82' lang='lat' dir='ltr'>tautam</span> <span class='ocrx_word' id='word_1_27' title='bbox 1339 820 1442 894; x_wconf 82' lang='lat' dir='ltr'>Quint.</span> <span class='ocrx_word' id='word_1_28' title='bbox 1448 866 1457 897; x_wconf 93' lang='lat'>,</span> <span class='ocrx_word' id='word_1_29' title='bbox 1471 819 1493 882; x_wconf 97' lang='lat' dir='ltr'>l.</span> <span class='ocrx_word' id='word_1_30' title='bbox 1506 818 1560 896; x_wconf 94' lang='lat' dir='ltr'>lll,</span> <span class='ocrx_word' id='word_1_31' title='bbox 1578 838 1607 881; x_wconf 92' lang='lat' dir='ltr'>c.</span> <span class='ocrx_word' id='word_1_32' title='bbox 1627 821 1658 896; x_wconf 83' lang='lat'>7,</span> <span class='ocrx_word' id='word_1_33' title='bbox 1675 820 1713 880; x_wconf 85' lang='grc'>13</span> <span class='ocrx_word' id='word_1_34' title='bbox 1732 836 1742 880; x_wconf 76' lang='lat'>2</span> <span class='ocrx_word' id='word_1_35' title='bbox 1762 816 1916 881; x_wconf 85' lang='lat' dir='ltr'>alnlerim</span> <span class='ocrx_word' id='word_1_36' title='bbox 1927 819 2044 899; x_wconf 76' lang='lat' dir='ltr'>musert</span> <span class='ocrx_word' id='word_1_37' title='bbox 2059 818 2190 880; x_wconf 87' lang='lat' dir='ltr'>admira-</span> 
     </span>
     <span class='ocr_line' id='line_1_4' title="bbox 436 915 2190 999; baseline 0.001 -21"><span class='ocrx_word' id='word_1_38' title='bbox 436 916 602 997; x_wconf 87' lang='lat' dir='ltr'>importare</span> <span class='ocrx_word' id='word_1_39' title='bbox 625 916 702 980; x_wconf 91' lang='lat' dir='ltr'>meis</span> <span class='ocrx_word' id='word_1_40' title='bbox 728 916 937 979; x_wconf 83' lang='lat' dir='ltr'>defensoribus</span> <span class='ocrx_word' id='word_1_41' title='bbox 963 924 994 978; x_wconf 89' lang='lat' dir='ltr'>et</span> <span class='ocrx_word' id='word_1_42' title='bbox 1020 915 1285 980; x_wconf 79' lang='lat' dir='ltr'>conservatoribus</span> <span class='ocrx_word' id='word_1_43' title='bbox 1340 919 1415 980; x_wconf 84' lang='lat' dir='ltr'>timi</span> <span class='ocrx_word' id='word_1_44' title='bbox 1423 918 1556 980; x_wconf 87' lang='lat' dir='ltr'>multum</span> <span class='ocrx_word' id='word_1_45' title='bbox 1566 915 1659 979; x_wconf 86' lang='lat' dir='ltr'>etiam</span> <span class='ocrx_word' id='word_1_46' title='bbox 1671 916 1894 998; x_wconf 85' lang='lat' dir='ltr'>iufirrnitas;ut</span> <span class='ocrx_word' id='word_1_47' title='bbox 1904 934 1977 979; x_wconf 88' lang='lat' dir='ltr'>cum</span> <span class='ocrx_word' id='word_1_48' title='bbox 1990 915 2074 979; x_wconf 89' lang='lat' dir='ltr'>idem</span> <span class='ocrx_word' id='word_1_49' title='bbox 2087 916 2190 999; x_wconf 79' lang='lat' dir='ltr'>Tydea</span> 
     </span>
     <span class='ocr_line' id='line_1_5' title="bbox 435 1012 2189 1099; baseline 0 -23"><span class='ocrx_word' id='word_1_50' title='bbox 435 1013 687 1077; x_wconf 79' lang='lat' dir='ltr'>calamitatem.»</span> <span class='ocrx_word' id='word_1_51' title='bbox 711 1012 809 1091; x_wconf 88' lang='lat' dir='ltr'>ldem,</span> <span class='ocrx_word' id='word_1_52' title='bbox 838 1012 938 1092; x_wconf 79' lang='lat' dir='ltr'>offic,</span> <span class='ocrx_word' id='word_1_53' title='bbox 957 1015 979 1076; x_wconf 93' lang='lat' dir='ltr'>l.</span> <span class='ocrx_word' id='word_1_54' title='bbox 1000 1013 1052 1088; x_wconf 95' lang='grc'><strong>111,</strong></span> <span class='ocrx_word' id='word_1_55' title='bbox 1067 1033 1095 1076; x_wconf 90' lang='lat' dir='ltr'>c.</span> <span class='ocrx_word' id='word_1_56' title='bbox 1111 1017 1150 1076; x_wconf 73' lang='lat'>29</span> <span class='ocrx_word' id='word_1_57' title='bbox 1167 1032 1176 1076; x_wconf 79' lang='lat' dir='ltr'>t</span> <span class='ocrx_word' id='word_1_58' title='bbox 1196 1013 1283 1087; x_wconf 73' lang='lat' dir='ltr'>«Qui</span> <span class='ocrx_word' id='word_1_59' title='bbox 1341 1034 1484 1099; x_wconf 88' lang='lat' dir='ltr'>pervum,</span> <span class='ocrx_word' id='word_1_60' title='bbox 1507 1014 1562 1077; x_wconf 87' lang='lat' dir='ltr'>sed</span> <span class='ocrx_word' id='word_1_61' title='bbox 1585 1015 1767 1078; x_wconf 85' lang='lat' dir='ltr'>bellatorem</span> <span class='ocrx_word' id='word_1_62' title='bbox 1790 1015 1866 1077; x_wconf 90' lang='lat' dir='ltr'>dicit</span> <span class='ocrx_word' id='word_1_63' title='bbox 1895 1015 2028 1077; x_wconf 73' lang='lat' dir='ltr'>fuisse.»</span> <span class='ocrx_word' id='word_1_64' title='bbox 2046 1013 2122 1090; x_wconf 81' lang='lat' dir='ltr'>Cic,</span> <span class='ocrx_word' id='word_1_65' title='bbox 2150 1014 2189 1076; x_wconf 86' lang='lat' dir='ltr'>de</span> 
     </span>
     <span class='ocr_line' id='line_1_6' title="bbox 435 1110 2190 1195; baseline 0 -21"><span class='ocrx_word' id='word_1_66' title='bbox 435 1130 453 1174; x_wconf 90' lang='lat' dir='ltr'>c</span> <span class='ocrx_word' id='word_1_67' title='bbox 474 1110 620 1174; x_wconf 89' lang='lat' dir='ltr'>divisione</span> <span class='ocrx_word' id='word_1_68' title='bbox 642 1112 791 1195; x_wconf 86' lang='lat' dir='ltr'>tripartita</span> <span class='ocrx_word' id='word_1_69' title='bbox 811 1112 888 1176; x_wconf 88' lang='lat' dir='ltr'>duas</span> <span class='ocrx_word' id='word_1_70' title='bbox 908 1119 1010 1194; x_wconf 87' lang='lat' dir='ltr'>partes</span> <span class='ocrx_word' id='word_1_71' title='bbox 1030 1113 1203 1188; x_wconf 79' lang='lat' dir='ltr'>absolverit,</span> <span class='ocrx_word' id='word_1_72' title='bbox 1216 1113 1285 1174; x_wconf 75' lang='lat' dir='ltr'>haic</span> <span class='ocrx_word' id='word_1_73' title='bbox 1340 1114 1420 1189; x_wconf 73' lang='lat' dir='ltr'>uin,</span> <span class='ocrx_word' id='word_1_74' title='bbox 1442 1113 1465 1176; x_wconf 97' lang='lat' dir='ltr'>l.</span> <span class='ocrx_word' id='word_1_75' title='bbox 1480 1112 1533 1191; x_wconf 95' lang='grc'><strong>111,</strong></span> <span class='ocrx_word' id='word_1_76' title='bbox 1548 1132 1576 1175; x_wconf 95' lang='lat' dir='ltr'>c.</span> <span class='ocrx_word' id='word_1_77' title='bbox 1589 1115 1644 1189; x_wconf 71' lang='lat'>22,</span> <span class='ocrx_word' id='word_1_78' title='bbox 1656 1116 1720 1176; x_wconf 77' lang='lat' dir='ltr'>ll:</span> <span class='ocrx_word' id='word_1_79' title='bbox 1741 1113 1924 1177; x_wconf 78' lang='lat' dir='ltr'>«Posterius</span> <span class='ocrx_word' id='word_1_80' title='bbox 1936 1113 2038 1194; x_wconf 78' lang='lat' dir='ltr'>priori</span> <span class='ocrx_word' id='word_1_81' title='bbox 2049 1130 2112 1176; x_wconf 90' lang='lat' dir='ltr'>nou</span> <span class='ocrx_word' id='word_1_82' title='bbox 2124 1131 2190 1174; x_wconf 87' lang='lat' dir='ltr'>con·</span> 
     </span>
     <span class='ocr_line' id='line_1_7' title="bbox 435 1208 2190 1294; baseline 0.003 -24"><span class='ocrx_word' id='word_1_83' title='bbox 435 1226 563 1271; x_wconf 86' lang='lat' dir='ltr'>necesse</span> <span class='ocrx_word' id='word_1_84' title='bbox 589 1214 635 1272; x_wconf 91' lang='lat' dir='ltr'>est</span> <span class='ocrx_word' id='word_1_85' title='bbox 657 1218 772 1272; x_wconf 87' lang='lat' dir='ltr'>restare</span> <span class='ocrx_word' id='word_1_86' title='bbox 793 1209 956 1273; x_wconf 76' lang='lat' dir='ltr'>tertiam.»</span> <span class='ocrx_word' id='word_1_87' title='bbox 976 1208 1137 1289; x_wconf 85' lang='lat' dir='ltr'>Virgilius,</span> <span class='ocrx_word' id='word_1_88' title='bbox 1159 1211 1229 1273; x_wconf 90' lang='lat' dir='ltr'>AEu.</span> <span class='ocrx_word' id='word_1_89' title='bbox 1245 1209 1283 1288; x_wconf 81' lang='lat' dir='ltr'>v,</span> <span class='ocrx_word' id='word_1_90' title='bbox 1340 1212 1431 1275; x_wconf 81' lang='lat' dir='ltr'>verrit.</span> <span class='ocrx_word' id='word_1_91' title='bbox 1447 1234 1462 1271; x_wconf 82' lang='lat' dir='ltr'>s</span> <span class='ocrx_word' id='word_1_92' title='bbox 1480 1212 1577 1286; x_wconf 90' lang='lat' dir='ltr'>idem,</span> <span class='ocrx_word' id='word_1_93' title='bbox 1598 1212 1662 1273; x_wconf 79' lang='lat' dir='ltr'>Au.</span> <span class='ocrx_word' id='word_1_94' title='bbox 1679 1211 1701 1272; x_wconf 96' lang='lat' dir='ltr'>l.</span> <span class='ocrx_word' id='word_1_95' title='bbox 1716 1210 1768 1288; x_wconf 90' lang='lat' dir='ltr'>IV,</span> <span class='ocrx_word' id='word_1_96' title='bbox 1781 1231 1832 1294; x_wconf 93' lang='lat' dir='ltr'>ep.</span> <span class='ocrx_word' id='word_1_97' title='bbox 1850 1214 1929 1289; x_wconf 79' lang='lat' dir='ltr'>lt,l</span> <span class='ocrx_word' id='word_1_98' title='bbox 1949 1231 1958 1275; x_wconf 77' lang='lat' dir='ltr'>s</span> <span class='ocrx_word' id='word_1_99' title='bbox 1978 1234 1994 1272; x_wconf 82' lang='lat' dir='ltr'>u</span> <span class='ocrx_word' id='word_1_100' title='bbox 2010 1210 2109 1275; x_wconf 81' lang='lat' dir='ltr'>Velim</span> <span class='ocrx_word' id='word_1_101' title='bbox 2128 1210 2190 1275; x_wconf 91' lang='lat' dir='ltr'>do-</span> 
     </span>
     <span class='ocr_line' id='line_1_8' title="bbox 434 1308 2189 1392; baseline 0.001 -22"><span class='ocrx_word' id='word_1_102' title='bbox 434 1326 464 1370; x_wconf 91' lang='lat' dir='ltr'>v.</span> <span class='ocrx_word' id='word_1_103' title='bbox 479 1309 560 1370; x_wconf 77' lang='lat' dir='ltr'>tls:</span> <span class='ocrx_word' id='word_1_104' title='bbox 1341 1330 1427 1372; x_wconf 89' lang='lat' dir='ltr'>mum</span> <span class='ocrx_word' id='word_1_105' title='bbox 1445 1309 1485 1372; x_wconf 92' lang='lat' dir='ltr'>ad</span> <span class='ocrx_word' id='word_1_106' title='bbox 1500 1316 1570 1372; x_wconf 93' lang='lat' dir='ltr'>tuos</span> <span class='ocrx_word' id='word_1_107' title='bbox 1588 1312 1630 1388; x_wconf 67' lang='lat' dir='ltr'>(b)</span> <span class='ocrx_word' id='word_1_108' title='bbox 1645 1308 1769 1387; x_wconf 89' lang='lat' dir='ltr'>scribas,</span> <span class='ocrx_word' id='word_1_109' title='bbox 1786 1315 1822 1372; x_wconf 88' lang='lat' dir='ltr'>ut</span> <span class='ocrx_word' id='word_1_110' title='bbox 1836 1309 1911 1371; x_wconf 82' lang='lat' dir='ltr'>mili</span> <span class='ocrx_word' id='word_1_111' title='bbox 1924 1309 2043 1372; x_wconf 84' lang='lat' dir='ltr'>luilibri</span> <span class='ocrx_word' id='word_1_112' title='bbox 2051 1319 2189 1392; x_wconf 82' lang='lat' dir='ltr'>pateant,</span> 
     </span>
    </p>
   </div>
   <div class='ocr_carea' id='block_1_3' title="bbox 497 1405 2189 1568">
    <p class='ocr_par' dir='ltr' id='par_1_3' title="bbox 497 1405 2189 1568">
     <span class='ocr_line' id='line_1_9' title="bbox 1342 1405 2189 1487; baseline -0.001 -18"><span class='ocrx_word' id='word_1_113' title='bbox 1342 1425 1406 1470; x_wconf 90' lang='lat' dir='ltr'>nou</span> <span class='ocrx_word' id='word_1_114' title='bbox 1427 1426 1516 1470; x_wconf 89' lang='lat' dir='ltr'>secus</span> <span class='ocrx_word' id='word_1_115' title='bbox 1537 1426 1574 1470; x_wconf 91' lang='lat' dir='ltr'>ac</span> <span class='ocrx_word' id='word_1_116' title='bbox 1596 1407 1620 1468; x_wconf 92' lang='lat' dir='ltr'>si</span> <span class='ocrx_word' id='word_1_117' title='bbox 1641 1406 1706 1487; x_wconf 88' lang='lat' dir='ltr'>ipse</span> <span class='ocrx_word' id='word_1_118' title='bbox 1728 1406 1862 1470; x_wconf 81' lang='lat' dir='ltr'>adesses.</span> <span class='ocrx_word' id='word_1_119' title='bbox 1884 1428 1899 1466; x_wconf 83' lang='lat' dir='ltr'>a</span> <span class='ocrx_word' id='word_1_120' title='bbox 1923 1405 2025 1486; x_wconf 79' lang='lat' dir='ltr'>oud,</span> <span class='ocrx_word' id='word_1_121' title='bbox 2043 1407 2132 1470; x_wconf 85' lang='lat' dir='ltr'>Trist.</span> <span class='ocrx_word' id='word_1_122' title='bbox 2151 1406 2189 1484; x_wconf 94' lang='grc'><strong>11,</strong></span> 
     </span>
     <span class='ocr_line' id='line_1_10' title="bbox 497 1487 1471 1568; baseline 0.004 -30"><span class='ocrx_word' id='word_1_123' title='bbox 497 1487 579 1554; x_wconf 82' lang='lat' dir='ltr'>ldque</span> <span class='ocrx_word' id='word_1_124' title='bbox 591 1489 634 1553; x_wconf 88' lang='lat' dir='ltr'>plo</span> <span class='ocrx_word' id='word_1_125' title='bbox 644 1487 716 1540; x_wconf 81' lang='lat' dir='ltr'>sedat</span> <span class='ocrx_word' id='word_1_126' title='bbox 729 1490 819 1540; x_wconf 83' lang='lat' dir='ltr'>AEaeoe</span> <span class='ocrx_word' id='word_1_127' title='bbox 822 1525 871 1540; x_wconf 91' lang='grc'><strong>.....</strong></span> <span class='ocrx_word' id='word_1_128' title='bbox 1341 1525 1371 1568; x_wconf 40' lang='grc' dir='ltr'>ν,</span> <span class='ocrx_word' id='word_1_129' title='bbox 1386 1507 1446 1567; x_wconf 63' lang='lat'>246</span> <span class='ocrx_word' id='word_1_130' title='bbox 1462 1527 1471 1568; x_wconf 66' lang='lat'>3</span> 
     </span>
    </p>
   </div>
   <div class='ocr_carea' id='block_1_4' title="bbox 434 1631 1942 1930">
    <p class='ocr_par' dir='ltr' id='par_1_4' title="bbox 434 1631 1942 1930">
     <span class='ocr_line' id='line_1_11' title="bbox 435 1631 1942 1740; baseline 0.001 -15"><span class='ocrx_word' id='word_1_131' title='bbox 435 1647 541 1712; x_wconf 67' lang='lat' dir='ltr'>Cloel&#39;0</span> <span class='ocrx_word' id='word_1_132' title='bbox 560 1649 703 1728; x_wconf 65' lang='lat' dir='ltr'>Vfflffllir</span> <span class='ocrx_word' id='word_1_133' title='bbox 725 1649 825 1728; x_wconf 60' lang='lat' dir='ltr'>Fama</span> <span class='ocrx_word' id='word_1_134' title='bbox 847 1651 868 1713; x_wconf 78' lang='lat' dir='ltr'>l·</span> <span class='ocrx_word' id='word_1_135' title='bbox 892 1651 949 1730; x_wconf 70' lang='lat' dir='ltr'>lx,</span> <span class='ocrx_word' id='word_1_136' title='bbox 970 1671 1021 1734; x_wconf 69' lang='lat' dir='ltr'>el)-</span> <span class='ocrx_word' id='word_1_137' title='bbox 1042 1656 1074 1730; x_wconf 59' lang='lat'>2,</span> <span class='ocrx_word' id='word_1_138' title='bbox 1095 1657 1114 1714; x_wconf 78' lang='lat'>5</span> <span class='ocrx_word' id='word_1_139' title='bbox 1134 1671 1142 1714; x_wconf 65' lang='grc' dir='ltr'>ἓ</span> <span class='ocrx_word' id='word_1_140' title='bbox 1161 1675 1176 1712; x_wconf 79' lang='lat'>‘¹</span> <span class='ocrx_word' id='word_1_141' title='bbox 1195 1651 1286 1715; x_wconf 66' lang='lat' dir='ltr'>M⁰d⁰</span> <span class='ocrx_word' id='word_1_142' title='bbox 1405 1679 1461 1729; x_wconf 87' lang='lat' dir='ltr'>Nou</span> <span class='ocrx_word' id='word_1_143' title='bbox 1473 1681 1552 1728; x_wconf 86' lang='lat' dir='ltr'>cacat</span> <span class='ocrx_word' id='word_1_144' title='bbox 1563 1631 1665 1740; x_wconf 71' lang='lat' dir='ltr'>eximis</span> <span class='ocrx_word' id='word_1_145' title='bbox 1679 1676 1759 1727; x_wconf 90' lang='lat' dir='ltr'>rebus</span> <span class='ocrx_word' id='word_1_146' title='bbox 1769 1675 1861 1727; x_wconf 82' lang='lat' dir='ltr'>adesse</span> <span class='ocrx_word' id='word_1_147' title='bbox 1872 1675 1942 1727; x_wconf 80' lang='lat' dir='ltr'>lact.</span> 
     </span>
     <span class='ocr_line' id='line_1_12' title="bbox 434 1745 1201 1824; baseline 0.001 -17"><span class='ocrx_word' id='word_1_148' title='bbox 434 1745 514 1808; x_wconf 83' lang='lat' dir='ltr'>nobis</span> <span class='ocrx_word' id='word_1_149' title='bbox 527 1755 584 1809; x_wconf 89' lang='lat' dir='ltr'>stet</span> <span class='ocrx_word' id='word_1_150' title='bbox 594 1747 681 1824; x_wconf 92' lang='lat' dir='ltr'>illud,</span> <span class='ocrx_word' id='word_1_151' title='bbox 699 1767 759 1811; x_wconf 90' lang='lat' dir='ltr'>uua</span> <span class='ocrx_word' id='word_1_152' title='bbox 770 1749 871 1812; x_wconf 84' lang='lat' dir='ltr'>uiuere</span> <span class='ocrx_word' id='word_1_153' title='bbox 884 1751 915 1813; x_wconf 91' lang='lat' dir='ltr'>in</span> <span class='ocrx_word' id='word_1_154' title='bbox 928 1750 1037 1814; x_wconf 85' lang='lat' dir='ltr'>studiis</span> <span class='ocrx_word' id='word_1_155' title='bbox 1049 1751 1171 1814; x_wconf 90' lang='lat' dir='ltr'>nostris.</span> <span class='ocrx_word' id='word_1_156' title='bbox 1186 1772 1201 1808; x_wconf 80' lang='lat' dir='ltr'>a</span> 
     </span>
     <span class='ocr_line' id='line_1_13' title="bbox 476 1844 1287 1930; baseline 0.002 -23"><span class='ocrx_word' id='word_1_157' title='bbox 476 1844 565 1909; x_wconf 79' lang='lat' dir='ltr'>nude</span> <span class='ocrx_word' id='word_1_158' title='bbox 580 1846 759 1929; x_wconf 88' lang='lat' dir='ltr'>supradictis</span> <span class='ocrx_word' id='word_1_159' title='bbox 775 1848 901 1926; x_wconf 81' lang='lat' dir='ltr'>incessit,</span> <span class='ocrx_word' id='word_1_160' title='bbox 914 1848 1038 1927; x_wconf 89' lang='lat' dir='ltr'>accedit,</span> <span class='ocrx_word' id='word_1_161' title='bbox 1049 1851 1176 1930; x_wconf 69' lang='lat' dir='ltr'>confert,</span> <span class='ocrx_word' id='word_1_162' title='bbox 1188 1867 1287 1910; x_wconf 86' lang='lat' dir='ltr'>conve·</span> 
     </span>
    </p>
   </div>
   <div class='ocr_carea' id='block_1_5' title="bbox 436 1943 2192 2128">
    <p class='ocr_par' dir='ltr' id='par_1_5' title="bbox 436 1943 2192 2128">
     <span class='ocr_line' id='line_1_14' title="bbox 437 1943 2192 2042; baseline 0.004 -39"><span class='ocrx_word' id='word_1_163' title='bbox 437 1943 495 2019; x_wconf 87' lang='lat' dir='ltr'>nit,</span> <span class='ocrx_word' id='word_1_164' title='bbox 507 1953 602 2024; x_wconf 69' lang='lat' dir='ltr'>palei,</span> <span class='ocrx_word' id='word_1_165' title='bbox 622 1954 718 2008; x_wconf 68' lang='lat' dir='ltr'>vadai.</span> <span class='ocrx_word' id='word_1_166' title='bbox 740 1944 852 2023; x_wconf 77' lang='lat' dir='ltr'>Livius,</span> <span class='ocrx_word' id='word_1_167' title='bbox 872 1946 894 2008; x_wconf 85' lang='lat' dir='ltr'>l.</span> <span class='ocrx_word' id='word_1_168' title='bbox 917 1945 967 2024; x_wconf 74' lang='lat' dir='ltr'>lv,</span> <span class='ocrx_word' id='word_1_169' title='bbox 989 1966 1018 2010; x_wconf 81' lang='lat'>0.</span> <span class='ocrx_word' id='word_1_170' title='bbox 1041 1950 1079 2010; x_wconf 82' lang='grc'>57</span> <span class='ocrx_word' id='word_1_171' title='bbox 1103 1970 1110 2011; x_wconf 89' lang='lat'>:</span> <span class='ocrx_word' id='word_1_172' title='bbox 1130 1971 1146 2006; x_wconf 81' lang='lat' dir='ltr'>u</span> <span class='ocrx_word' id='word_1_173' title='bbox 1162 1946 1286 2010; x_wconf 73' lang='lat' dir='ltr'>Gravior</span> <span class='ocrx_word' id='word_1_174' title='bbox 1376 1976 1412 2042; x_wconf 69' lang='lat'>(2)</span> <span class='ocrx_word' id='word_1_175' title='bbox 1429 1975 1556 2038; x_wconf 57' lang='lat' dir='ltr'>oremus,</span> <span class='ocrx_word' id='word_1_176' title='bbox 1571 1983 1630 2039; x_wconf 59' lang='lat'>9051</span> <span class='ocrx_word' id='word_1_177' title='bbox 1645 1975 1894 2038; x_wconf 48' lang='lat' dir='ltr'>Emesmpemajoe</span> <span class='ocrx_word' id='word_1_178' title='bbox 1911 1987 1949 2026; x_wconf 79' lang='lat' dir='ltr'>:a</span> <span class='ocrx_word' id='word_1_179' title='bbox 1966 1973 1999 2024; x_wconf 60' lang='lat' dir='ltr'>ad</span> <span class='ocrx_word' id='word_1_180' title='bbox 2014 1978 2042 2025; x_wconf 67' lang='lat'>10</span> <span class='ocrx_word' id='word_1_181' title='bbox 2057 1973 2164 2025; x_wconf 56' lang='lat' dir='ltr'>gel-pm,</span> <span class='ocrx_word' id='word_1_182' title='bbox 2178 1991 2192 2020; x_wconf 64' lang='lat'><em>2</em></span> 
     </span>
     <span class='ocr_line' id='line_1_15' title="bbox 436 2041 1808 2128; baseline 0.001 -25"><span class='ocrx_word' id='word_1_183' title='bbox 436 2059 509 2103; x_wconf 89' lang='lat' dir='ltr'>cura</span> <span class='ocrx_word' id='word_1_184' title='bbox 528 2041 673 2104; x_wconf 84' lang='lat' dir='ltr'>Patribus</span> <span class='ocrx_word' id='word_1_185' title='bbox 687 2043 814 2106; x_wconf 84' lang='lat' dir='ltr'>incessit.</span> <span class='ocrx_word' id='word_1_186' title='bbox 829 2064 845 2102; x_wconf 83' lang='lat' dir='ltr'>u</span> <span class='ocrx_word' id='word_1_187' title='bbox 863 2043 968 2108; x_wconf 88' lang='lat' dir='ltr'>Cicero</span> <span class='ocrx_word' id='word_1_188' title='bbox 977 2091 988 2122; x_wconf 92' lang='lat'>,</span> <span class='ocrx_word' id='word_1_189' title='bbox 1001 2063 1059 2128; x_wconf 93' lang='lat' dir='ltr'>pro</span> <span class='ocrx_word' id='word_1_190' title='bbox 1073 2044 1177 2119; x_wconf 86' lang='lat' dir='ltr'>Quint.</span> <span class='ocrx_word' id='word_1_191' title='bbox 1183 2091 1193 2123; x_wconf 88' lang='lat'>,</span> <span class='ocrx_word' id='word_1_192' title='bbox 1209 2063 1238 2108; x_wconf 90' lang='lat' dir='ltr'>o.</span> <span class='ocrx_word' id='word_1_193' title='bbox 1255 2048 1284 2122; x_wconf 92' lang='lat' dir='ltr'>l,</span> <span class='ocrx_word' id='word_1_194' title='bbox 1343 2058 1438 2121; x_wconf 82' lang='lat' dir='ltr'>olivet,</span> <span class='ocrx_word' id='word_1_195' title='bbox 1448 2057 1598 2109; x_wconf 80' lang='lat' dir='ltr'>Lallcmsnu</span> <span class='ocrx_word' id='word_1_196' title='bbox 1614 2070 1620 2108; x_wconf 93' lang='lat'>:</span> <span class='ocrx_word' id='word_1_197' title='bbox 1636 2074 1650 2105; x_wconf 76' lang='lat' dir='ltr'>a</span> <span class='ocrx_word' id='word_1_198' title='bbox 1665 2055 1698 2106; x_wconf 81' lang='lat' dir='ltr'>ad</span> <span class='ocrx_word' id='word_1_199' title='bbox 1710 2061 1808 2108; x_wconf 77' lang='lat' dir='ltr'>tuas.»</span> 
     </span>
    </p>
   </div>
   <div class='ocr_carea' id='block_1_6' title="bbox 438 2298 2195 3038">
    <p class='ocr_par' dir='ltr' id='par_1_6' title="bbox 440 2298 2193 2660">
     <span class='ocr_line' id='line_1_16' title="bbox 496 2298 2193 2408; baseline -0.003 -28"><span class='ocrx_word' id='word_1_200' title='bbox 496 2301 587 2380; x_wconf 79' lang='lat'>283.</span> <span class='ocrx_word' id='word_1_201' title='bbox 619 2303 928 2408; x_wconf 88' lang='lat' dir='ltr'>Multadenique</span> <span class='ocrx_word' id='word_1_202' title='bbox 948 2330 993 2384; x_wconf 82' lang='lat' dir='ltr'>er</span> <span class='ocrx_word' id='word_1_203' title='bbox 1008 2303 1134 2384; x_wconf 90' lang='lat' dir='ltr'>verbis</span> <span class='ocrx_word' id='word_1_204' title='bbox 1155 2303 1304 2384; x_wconf 88' lang='lat' dir='ltr'>neutris</span> <span class='ocrx_word' id='word_1_205' title='bbox 1322 2311 1360 2384; x_wconf 87' lang='lat' dir='ltr'>et</span> <span class='ocrx_word' id='word_1_206' title='bbox 1381 2300 1716 2408; x_wconf 80' lang='lat' dir='ltr'>praepositionibus</span> <span class='ocrx_word' id='word_1_207' title='bbox 1736 2300 1801 2397; x_wconf 84' lang='lat' dir='ltr'>ad,</span> <span class='ocrx_word' id='word_1_208' title='bbox 1825 2325 1908 2398; x_wconf 85' lang='lat' dir='ltr'>con,</span> <span class='ocrx_word' id='word_1_209' title='bbox 1929 2301 1985 2396; x_wconf 79' lang='lat' dir='ltr'>iri,</span> <span class='ocrx_word' id='word_1_210' title='bbox 2003 2302 2120 2396; x_wconf 76' lang='lat' dir='ltr'>cister,</span> <span class='ocrx_word' id='word_1_211' title='bbox 2138 2298 2193 2393; x_wconf 89' lang='lat' dir='ltr'>ob,</span> 
     </span>
     <span class='ocr_line' id='line_1_17' title="bbox 440 2425 2193 2532; baseline -0.002 -26"><span class='ocrx_word' id='word_1_212' title='bbox 440 2454 541 2532; x_wconf 82' lang='lat' dir='ltr'>prce,</span> <span class='ocrx_word' id='word_1_213' title='bbox 559 2428 642 2525; x_wconf 79' lang='lat' dir='ltr'>sub,</span> <span class='ocrx_word' id='word_1_214' title='bbox 665 2427 782 2507; x_wconf 88' lang='lat' dir='ltr'>dandi</span> <span class='ocrx_word' id='word_1_215' title='bbox 801 2454 933 2508; x_wconf 90' lang='lat' dir='ltr'>casum</span> <span class='ocrx_word' id='word_1_216' title='bbox 954 2428 1024 2509; x_wconf 90' lang='lat' dir='ltr'>sibi</span> <span class='ocrx_word' id='word_1_217' title='bbox 1046 2437 1261 2524; x_wconf 86' lang='lat' dir='ltr'>assumunt,</span> <span class='ocrx_word' id='word_1_218' title='bbox 1283 2435 1326 2508; x_wconf 90' lang='lat' dir='ltr'>ut</span> <span class='ocrx_word' id='word_1_219' title='bbox 1345 2453 1519 2532; x_wconf 73' lang='lat' dir='ltr'>ossurqo,</span> <span class='ocrx_word' id='word_1_220' title='bbox 1540 2429 1748 2524; x_wconf 83' lang='lat' dir='ltr'>consentio,</span> <span class='ocrx_word' id='word_1_221' title='bbox 1767 2427 1962 2524; x_wconf 84' lang='lat' dir='ltr'>immr&#39;nco,</span> <span class='ocrx_word' id='word_1_222' title='bbox 1976 2425 2193 2528; x_wconf 75' lang='lat' dir='ltr'>illacrymo,</span> 
     </span>
     <span class='ocr_line' id='line_1_18' title="bbox 443 2555 1675 2660; baseline 0.004 -30"><span class='ocrx_word' id='word_1_223' title='bbox 443 2557 671 2650; x_wconf 81' lang='lat' dir='ltr'>r&#39;rcteraem&#39;o,</span> <span class='ocrx_word' id='word_1_224' title='bbox 686 2555 878 2654; x_wconf 81' lang='lat' dir='ltr'>obversor,</span> <span class='ocrx_word' id='word_1_225' title='bbox 886 2557 1099 2660; x_wconf 78' lang='lat' dir='ltr'>praeluceo,</span> <span class='ocrx_word' id='word_1_226' title='bbox 1115 2555 1330 2634; x_wconf 85' lang='lat' dir='ltr'>succacmbo.</span> <span class='ocrx_word' id='word_1_227' title='bbox 1674 2583 1675 2586; x_wconf 60' lang='lat'>‘</span> 
     </span>
    </p>

    <p class='ocr_par' dir='ltr' id='par_1_7' title="bbox 438 2673 2195 3038">
     <span class='ocr_line' id='line_1_19' title="bbox 494 2673 2192 2785; baseline -0.006 -27"><span class='ocrx_word' id='word_1_228' title='bbox 494 2677 646 2774; x_wconf 87' lang='lat' dir='ltr'>Cicero,</span> <span class='ocrx_word' id='word_1_229' title='bbox 664 2706 732 2785; x_wconf 93' lang='lat' dir='ltr'>pro</span> <span class='ocrx_word' id='word_1_230' title='bbox 747 2680 866 2780; x_wconf 81' lang='lat' dir='ltr'>Sext,</span> <span class='ocrx_word' id='word_1_231' title='bbox 884 2706 918 2780; x_wconf 91' lang='lat' dir='ltr'>c,</span> <span class='ocrx_word' id='word_1_232' title='bbox 935 2681 973 2780; x_wconf 88' lang='grc'>3,</span> <span class='ocrx_word' id='word_1_233' title='bbox 989 2681 1040 2760; x_wconf 91' lang='lat'>7:</span> <span class='ocrx_word' id='word_1_234' title='bbox 1061 2713 1082 2753; x_wconf 68' lang='grc' dir='ltr'>(ι</span> <span class='ocrx_word' id='word_1_235' title='bbox 1100 2679 1307 2760; x_wconf 72' lang='lat' dir='ltr'>Miltiauis</span> <span class='ocrx_word' id='word_1_236' title='bbox 1327 2682 1459 2761; x_wconf 93' lang='lat' dir='ltr'>oculos</span> <span class='ocrx_word' id='word_1_237' title='bbox 1481 2681 1705 2759; x_wconf 84' lang='lat' dir='ltr'>obuersatur</span> <span class='ocrx_word' id='word_1_238' title='bbox 1724 2674 1948 2781; x_wconf 72' lang='lat' dir='ltr'>reipublice</span> <span class='ocrx_word' id='word_1_239' title='bbox 1968 2673 2150 2783; x_wconf 80' lang='lat' dir='ltr'>dignitas.</span> <span class='ocrx_word' id='word_1_240' title='bbox 2172 2708 2192 2747; x_wconf 89' lang='lat'>»</span> 
     </span>
     <span class='ocr_line' id='line_1_20' title="bbox 440 2800 2193 2914; baseline -0.003 -31"><span class='ocrx_word' id='word_1_241' title='bbox 440 2803 558 2904; x_wconf 91' lang='lat' dir='ltr'>ldem,</span> <span class='ocrx_word' id='word_1_242' title='bbox 583 2803 624 2882; x_wconf 92' lang='lat' dir='ltr'>iu</span> <span class='ocrx_word' id='word_1_243' title='bbox 644 2804 758 2896; x_wconf 84' lang='lat' dir='ltr'>Sall,</span> <span class='ocrx_word' id='word_1_244' title='bbox 780 2831 815 2886; x_wconf 92' lang='lat' dir='ltr'>c.</span> <span class='ocrx_word' id='word_1_245' title='bbox 839 2806 878 2904; x_wconf 79' lang='grc'><strong>2,</strong></span> <span class='ocrx_word' id='word_1_246' title='bbox 897 2806 919 2884; x_wconf 85' lang='lat'>5</span> <span class='ocrx_word' id='word_1_247' title='bbox 939 2837 947 2885; x_wconf 92' lang='lat'><strong>:</strong></span> <span class='ocrx_word' id='word_1_248' title='bbox 971 2807 1092 2914; x_wconf 85' lang='lat' dir='ltr'>«Ego</span> <span class='ocrx_word' id='word_1_249' title='bbox 1113 2805 1209 2886; x_wconf 90' lang='lat' dir='ltr'>meis</span> <span class='ocrx_word' id='word_1_250' title='bbox 1228 2808 1442 2910; x_wconf 84' lang='lat' dir='ltr'>majoribus</span> <span class='ocrx_word' id='word_1_251' title='bbox 1456 2805 1597 2886; x_wconf 85' lang='lat' dir='ltr'>virtute</span> <span class='ocrx_word' id='word_1_252' title='bbox 1617 2829 1706 2885; x_wconf 87' lang='lat' dir='ltr'>mea</span> <span class='ocrx_word' id='word_1_253' title='bbox 1721 2804 1906 2908; x_wconf 71' lang='lat' dir='ltr'>praeduci.</span> <span class='ocrx_word' id='word_1_254' title='bbox 1923 2833 1944 2874; x_wconf 77' lang='lat' dir='ltr'>a</span> <span class='ocrx_word' id='word_1_255' title='bbox 1963 2800 2044 2881; x_wconf 83' lang='lat' dir='ltr'>Cic.</span> <span class='ocrx_word' id='word_1_256' title='bbox 2066 2803 2193 2896; x_wconf 86' lang='lat' dir='ltr'>Bruto,</span> 
     </span>
     <span class='ocr_line' id='line_1_21' title="bbox 438 2924 2195 3038; baseline -0.003 -30"><span class='ocrx_word' id='word_1_257' title='bbox 438 2931 565 3029; x_wconf 64' lang='lat' dir='ltr'>Fam„</span> <span class='ocrx_word' id='word_1_258' title='bbox 589 2928 615 3007; x_wconf 92' lang='lat' dir='ltr'>l.</span> <span class='ocrx_word' id='word_1_259' title='bbox 640 2930 706 3024; x_wconf 90' lang='lat' dir='ltr'>Xl,</span> <span class='ocrx_word' id='word_1_260' title='bbox 727 2955 790 3035; x_wconf 89' lang='lat' dir='ltr'>cp.</span> <span class='ocrx_word' id='word_1_261' title='bbox 811 2931 848 3030; x_wconf 82' lang='lat'>5,</span> <span class='ocrx_word' id='word_1_262' title='bbox 873 2931 895 3009; x_wconf 89' lang='grc'>3</span> <span class='ocrx_word' id='word_1_263' title='bbox 920 2963 928 3008; x_wconf 91' lang='lat'>:</span> <span class='ocrx_word' id='word_1_264' title='bbox 953 2963 974 3004; x_wconf 90' lang='lat'>«</span> <span class='ocrx_word' id='word_1_265' title='bbox 992 2933 1046 3011; x_wconf 85' lang='lat' dir='ltr'>Te</span> <span class='ocrx_word' id='word_1_266' title='bbox 1062 2932 1288 3011; x_wconf 83' lang='lat' dir='ltr'>obsecro...</span> <span class='ocrx_word' id='word_1_267' title='bbox 1311 2931 1415 3010; x_wconf 91' lang='lat' dir='ltr'>utin</span> <span class='ocrx_word' id='word_1_268' title='bbox 1436 2938 1666 3038; x_wconf 85' lang='lat' dir='ltr'>perpetuum</span> <span class='ocrx_word' id='word_1_269' title='bbox 1686 2926 1968 3033; x_wconf 83' lang='lat' dir='ltr'>rempublicam</span> <span class='ocrx_word' id='word_1_270' title='bbox 1996 2924 2195 3006; x_wconf 87' lang='lat' dir='ltr'>dominatu</span> 
     </span>
    </p>
   </div>
   <div class='ocr_carea' id='block_1_7' title="bbox 439 3053 1433 3162">
    <p class='ocr_par' dir='ltr' id='par_1_8' title="bbox 439 3053 1433 3162">
     <span class='ocr_line' id='line_1_22' title="bbox 439 3053 1433 3162; baseline -0.002 -30"><span class='ocrx_word' id='word_1_271' title='bbox 439 3053 544 3162; x_wconf 84' lang='lat' dir='ltr'>regio</span> <span class='ocrx_word' id='word_1_272' title='bbox 558 3053 716 3154; x_wconf 80' lang='lat' dir='ltr'>liberes3</span> <span class='ocrx_word' id='word_1_273' title='bbox 733 3059 991 3160; x_wconf 75' lang='lat' dir='ltr'>utpra&#39;ncipr&#39;cs</span> <span class='ocrx_word' id='word_1_274' title='bbox 1004 3059 1244 3134; x_wconf 82' lang='lat' dir='ltr'>consentiunt</span> <span class='ocrx_word' id='word_1_275' title='bbox 1256 3054 1389 3135; x_wconf 87' lang='lat' dir='ltr'>exitus.</span> <span class='ocrx_word' id='word_1_276' title='bbox 1412 3087 1433 3130; x_wconf 88' lang='lat'>»</span> 
     </span>
    </p>
   </div>
   <div class='ocr_carea' id='block_1_8' title="bbox 433 3315 2197 5074">
    <p class='ocr_par' dir='ltr' id='par_1_9' title="bbox 439 3315 2197 4589">
     <span class='ocr_line' id='line_1_23' title="bbox 478 3315 2195 3405; baseline -0.006 -19"><span class='ocrx_word' id='word_1_277' title='bbox 478 3321 571 3386; x_wconf 83' lang='lat' dir='ltr'>llulta</span> <span class='ocrx_word' id='word_1_278' title='bbox 590 3329 663 3386; x_wconf 87' lang='lat' dir='ltr'>sunt</span> <span class='ocrx_word' id='word_1_279' title='bbox 682 3323 775 3403; x_wconf 84' lang='lat' dir='ltr'>hujus</span> <span class='ocrx_word' id='word_1_280' title='bbox 794 3321 866 3393; x_wconf 86' lang='lat' dir='ltr'>loci,</span> <span class='ocrx_word' id='word_1_281' title='bbox 886 3339 1018 3403; x_wconf 86' lang='lat' dir='ltr'>quorum</span> <span class='ocrx_word' id='word_1_282' title='bbox 1038 3322 1187 3386; x_wconf 87' lang='lat' dir='ltr'>nonnulla</span> <span class='ocrx_word' id='word_1_283' title='bbox 1206 3323 1290 3385; x_wconf 87' lang='lat' dir='ltr'>testi·</span> <span class='ocrx_word' id='word_1_284' title='bbox 1342 3322 1509 3405; x_wconf 76' lang='lat' dir='ltr'>praesideo,</span> <span class='ocrx_word' id='word_1_285' title='bbox 1535 3339 1650 3404; x_wconf 76' lang='lat' dir='ltr'>praeeo,</span> <span class='ocrx_word' id='word_1_286' title='bbox 1679 3337 1857 3400; x_wconf 76' lang='lat' dir='ltr'>praecurro,</span> <span class='ocrx_word' id='word_1_287' title='bbox 1885 3315 2034 3399; x_wconf 77' lang='lat' dir='ltr'>subjaceo,</span> <span class='ocrx_word' id='word_1_288' title='bbox 2060 3315 2195 3398; x_wconf 81' lang='lat' dir='ltr'>subrepo,</span> 
     </span>
     <span class='ocr_line' id='line_1_24' title="bbox 440 3413 2197 3499; baseline -0.003 -16"><span class='ocrx_word' id='word_1_289' title='bbox 440 3421 542 3484; x_wconf 88' lang='lat' dir='ltr'>monia</span> <span class='ocrx_word' id='word_1_290' title='bbox 554 3421 690 3484; x_wconf 84' lang='lat' dir='ltr'>aderam.</span> <span class='ocrx_word' id='word_1_291' title='bbox 705 3419 782 3499; x_wconf 82' lang='lat' dir='ltr'>Cic,</span> <span class='ocrx_word' id='word_1_292' title='bbox 792 3420 951 3497; x_wconf 89' lang='lat' dir='ltr'>iuPisou.,</span> <span class='ocrx_word' id='word_1_293' title='bbox 962 3439 991 3483; x_wconf 94' lang='lat' dir='ltr'>c.</span> <span class='ocrx_word' id='word_1_294' title='bbox 1007 3421 1058 3497; x_wconf 67' lang='lat' dir='ltr'>ll,</span> <span class='ocrx_word' id='word_1_295' title='bbox 1073 3422 1114 3483; x_wconf 69' lang='lat'>26</span> <span class='ocrx_word' id='word_1_296' title='bbox 1129 3439 1137 3483; x_wconf 91' lang='lat'><strong>:</strong></span> <span class='ocrx_word' id='word_1_297' title='bbox 1152 3419 1287 3484; x_wconf 69' lang='lat' dir='ltr'>anm...</span> <span class='ocrx_word' id='word_1_298' title='bbox 1346 3441 1499 3499; x_wconf 80' lang='lat' dir='ltr'>succresco,</span> <span class='ocrx_word' id='word_1_299' title='bbox 1511 3420 1635 3495; x_wconf 81' lang='lat' dir='ltr'>subulco,</span> <span class='ocrx_word' id='word_1_300' title='bbox 1650 3418 1805 3497; x_wconf 88' lang='lat' dir='ltr'>succlamo,</span> <span class='ocrx_word' id='word_1_301' title='bbox 1820 3417 1923 3479; x_wconf 81' lang='lat' dir='ltr'>etalio</span> <span class='ocrx_word' id='word_1_302' title='bbox 1936 3434 2005 3497; x_wconf 83' lang='lat' dir='ltr'>quae</span> <span class='ocrx_word' id='word_1_303' title='bbox 2017 3413 2123 3478; x_wconf 88' lang='lat' dir='ltr'>ordine</span> <span class='ocrx_word' id='word_1_304' title='bbox 2136 3414 2197 3478; x_wconf 92' lang='lat' dir='ltr'>ele·</span> 
     </span>
     <span class='ocr_line' id='line_1_25' title="bbox 441 3512 1977 3602; baseline -0.005 -20"><span class='ocrx_word' id='word_1_305' title='bbox 441 3518 604 3602; x_wconf 87' lang='lat' dir='ltr'>quisquam</span> <span class='ocrx_word' id='word_1_306' title='bbox 616 3517 670 3580; x_wconf 91' lang='lat' dir='ltr'>tibi</span> <span class='ocrx_word' id='word_1_307' title='bbox 679 3517 797 3598; x_wconf 77' lang='lat' dir='ltr'>paruit‘.l</span> <span class='ocrx_word' id='word_1_308' title='bbox 809 3516 973 3599; x_wconf 86' lang='lat' dir='ltr'>quisquam</span> <span class='ocrx_word' id='word_1_309' title='bbox 990 3517 1022 3580; x_wconf 90' lang='lat' dir='ltr'>iu</span> <span class='ocrx_word' id='word_1_310' title='bbox 1035 3517 1153 3581; x_wconf 77' lang='lat' dir='ltr'>ciuium</span> <span class='ocrx_word' id='word_1_311' title='bbox 1165 3521 1293 3582; x_wconf 85' lang='lat' dir='ltr'>venienti</span> <span class='ocrx_word' id='word_1_312' title='bbox 1347 3525 1525 3582; x_wconf 89' lang='lat' dir='ltr'>mentorum</span> <span class='ocrx_word' id='word_1_313' title='bbox 1537 3517 1654 3598; x_wconf 82' lang='lat' dir='ltr'>digesta</span> <span class='ocrx_word' id='word_1_314' title='bbox 1664 3515 1758 3600; x_wconf 91' lang='lat' dir='ltr'>paulo</span> <span class='ocrx_word' id='word_1_315' title='bbox 1769 3512 1977 3596; x_wconf 87' lang='lat' dir='ltr'>postvidebis.</span> 
     </span>
     <span class='ocr_line' id='line_1_26' title="bbox 441 3601 2196 3704; baseline -0.003 -26"><span class='ocrx_word' id='word_1_316' title='bbox 441 3601 649 3678; x_wconf 77' lang='lat' dir='ltr'>asmrrecit&#39;l’u</span> <span class='ocrx_word' id='word_1_317' title='bbox 658 3615 756 3693; x_wconf 91' lang='lat' dir='ltr'>ldem,</span> <span class='ocrx_word' id='word_1_318' title='bbox 766 3634 822 3697; x_wconf 94' lang='lat' dir='ltr'>pro</span> <span class='ocrx_word' id='word_1_319' title='bbox 837 3616 937 3679; x_wconf 85' lang='lat' dir='ltr'>Domo</span> <span class='ocrx_word' id='word_1_320' title='bbox 947 3635 1013 3693; x_wconf 90' lang='lat' dir='ltr'>sua,</span> <span class='ocrx_word' id='word_1_321' title='bbox 1030 3635 1059 3679; x_wconf 94' lang='lat' dir='ltr'>c.</span> <span class='ocrx_word' id='word_1_322' title='bbox 1073 3617 1125 3693; x_wconf 89' lang='grc'>10,</span> <span class='ocrx_word' id='word_1_323' title='bbox 1136 3618 1176 3679; x_wconf 76' lang='lat'>25</span> <span class='ocrx_word' id='word_1_324' title='bbox 1188 3635 1196 3678; x_wconf 94' lang='lat'><strong>:</strong></span> <span class='ocrx_word' id='word_1_325' title='bbox 1207 3615 1290 3678; x_wconf 85' lang='lat' dir='ltr'>alm·</span> <span class='ocrx_word' id='word_1_326' title='bbox 1388 3616 1467 3679; x_wconf 87' lang='lat' dir='ltr'>Sunt</span> <span class='ocrx_word' id='word_1_327' title='bbox 1479 3621 1589 3698; x_wconf 79' lang='lat' dir='ltr'>prater</span> <span class='ocrx_word' id='word_1_328' title='bbox 1603 3633 1639 3676; x_wconf 88' lang='lat' dir='ltr'>ea</span> <span class='ocrx_word' id='word_1_329' title='bbox 1650 3613 1878 3704; x_wconf 86' lang='lat' dir='ltr'>quaebactcnus</span> <span class='ocrx_word' id='word_1_330' title='bbox 1889 3611 2128 3687; x_wconf 87' lang='lat' dir='ltr'>numeravimus,</span> <span class='ocrx_word' id='word_1_331' title='bbox 2141 3611 2196 3673; x_wconf 87' lang='lat' dir='ltr'>alia</span> 
     </span>
     <span class='ocr_line' id='line_1_27' title="bbox 439 3711 2197 3799; baseline -0.002 -21"><span class='ocrx_word' id='word_1_332' title='bbox 439 3715 596 3799; x_wconf 86' lang='lat' dir='ltr'>pendebat</span> <span class='ocrx_word' id='word_1_333' title='bbox 615 3715 745 3797; x_wconf 88' lang='lat' dir='ltr'>direptio</span> <span class='ocrx_word' id='word_1_334' title='bbox 751 3733 762 3794; x_wconf 80' lang='lat'>3</span> <span class='ocrx_word' id='word_1_335' title='bbox 778 3715 946 3778; x_wconf 78' lang='lat' dir='ltr'>imminebat</span> <span class='ocrx_word' id='word_1_336' title='bbox 965 3723 1036 3779; x_wconf 91' lang='lat' dir='ltr'>tuus</span> <span class='ocrx_word' id='word_1_337' title='bbox 1048 3715 1132 3778; x_wconf 88' lang='lat' dir='ltr'>luror</span> <span class='ocrx_word' id='word_1_338' title='bbox 1152 3715 1291 3778; x_wconf 91' lang='lat' dir='ltr'>omnium</span> <span class='ocrx_word' id='word_1_339' title='bbox 1348 3735 1417 3798; x_wconf 84' lang='lat' dir='ltr'>quae</span> <span class='ocrx_word' id='word_1_340' title='bbox 1432 3717 1508 3780; x_wconf 91' lang='lat' dir='ltr'>locis</span> <span class='ocrx_word' id='word_1_341' title='bbox 1520 3712 1737 3778; x_wconf 92' lang='lat' dir='ltr'>communibus</span> <span class='ocrx_word' id='word_1_342' title='bbox 1755 3711 1975 3793; x_wconf 90' lang='lat' dir='ltr'>comprehendi</span> <span class='ocrx_word' id='word_1_343' title='bbox 1990 3711 2115 3774; x_wconf 89' lang='lat' dir='ltr'>minime</span> <span class='ocrx_word' id='word_1_344' title='bbox 2128 3728 2197 3792; x_wconf 83' lang='lat' dir='ltr'>pos-</span> 
     </span>
     <span class='ocr_line' id='line_1_28' title="bbox 441 3809 2197 3895; baseline -0.003 -20"><span class='ocrx_word' id='word_1_345' title='bbox 441 3814 610 3895; x_wconf 72' lang='lat' dir='ltr'>sumusne.»</span> <span class='ocrx_word' id='word_1_346' title='bbox 627 3812 755 3876; x_wconf 89' lang='lat' dir='ltr'>Suetou.</span> <span class='ocrx_word' id='word_1_347' title='bbox 770 3811 963 3893; x_wconf 87' lang='lat' dir='ltr'>inVesp.‚c.</span> <span class='ocrx_word' id='word_1_348' title='bbox 978 3817 1036 3876; x_wconf 77' lang='lat' dir='ltr'>la:</span> <span class='ocrx_word' id='word_1_349' title='bbox 1052 3812 1292 3893; x_wconf 83' lang='lat' dir='ltr'>alarstissappli-</span> <span class='ocrx_word' id='word_1_350' title='bbox 1348 3821 1432 3893; x_wconf 87' lang='lat' dir='ltr'>suut,</span> <span class='ocrx_word' id='word_1_351' title='bbox 1459 3821 1493 3878; x_wconf 87' lang='lat' dir='ltr'>ut</span> <span class='ocrx_word' id='word_1_352' title='bbox 1519 3812 1647 3893; x_wconf 76' lang='lat' dir='ltr'>confido,</span> <span class='ocrx_word' id='word_1_353' title='bbox 1670 3811 1756 3885; x_wconf 85' lang='lat' dir='ltr'>nabo,</span> <span class='ocrx_word' id='word_1_354' title='bbox 1778 3810 1917 3894; x_wconf 73' lang='lat' dir='ltr'>proficio,</span> <span class='ocrx_word' id='word_1_355' title='bbox 1942 3810 2065 3890; x_wconf 76' lang='lat' dir='ltr'>mfflcio,</span> <span class='ocrx_word' id='word_1_356' title='bbox 2092 3809 2197 3884; x_wconf 78' lang='lat' dir='ltr'>tara,</span> 
     </span>
     <span class='ocr_line' id='line_1_29' title="bbox 442 3908 2197 3996; baseline -0.002 -24"><span class='ocrx_word' id='word_1_357' title='bbox 442 3912 494 3972; x_wconf 79' lang='lat' dir='ltr'>cias</span> <span class='ocrx_word' id='word_1_358' title='bbox 511 3910 718 3991; x_wconf 77' lang='lat' dir='ltr'>illacrymavit</span> <span class='ocrx_word' id='word_1_359' title='bbox 731 3910 825 3973; x_wconf 89' lang='lat' dir='ltr'>etiam</span> <span class='ocrx_word' id='word_1_360' title='bbox 839 3915 871 3972; x_wconf 89' lang='lat' dir='ltr'>et</span> <span class='ocrx_word' id='word_1_361' title='bbox 883 3910 1046 3990; x_wconf 80' lang='lat' dir='ltr'>ingemuit.</span> <span class='ocrx_word' id='word_1_362' title='bbox 1061 3932 1077 3969; x_wconf 83' lang='lat' dir='ltr'>s</span> <span class='ocrx_word' id='word_1_363' title='bbox 1094 3909 1207 3987; x_wconf 89' lang='lat' dir='ltr'>Livius,</span> <span class='ocrx_word' id='word_1_364' title='bbox 1222 3911 1245 3972; x_wconf 94' lang='lat' dir='ltr'>l.</span> <span class='ocrx_word' id='word_1_365' title='bbox 1264 3908 1291 3986; x_wconf 94' lang='lat' dir='ltr'>l,</span> <span class='ocrx_word' id='word_1_366' title='bbox 1347 3914 1484 3996; x_wconf 84' lang='lat' dir='ltr'>itemque</span> <span class='ocrx_word' id='word_1_367' title='bbox 1505 3919 1625 3976; x_wconf 77' lang='lat' dir='ltr'>catera.</span> <span class='ocrx_word' id='word_1_368' title='bbox 1646 3909 1762 3992; x_wconf 64' lang='lat' dir='ltr'>Neque,</span> <span class='ocrx_word' id='word_1_369' title='bbox 1776 3909 1799 3971; x_wconf 92' lang='lat' dir='ltr'>ii</span> <span class='ocrx_word' id='word_1_370' title='bbox 1818 3908 1880 3973; x_wconf 91' lang='lat' dir='ltr'>loci</span> <span class='ocrx_word' id='word_1_371' title='bbox 1898 3909 2010 3992; x_wconf 91' lang='lat' dir='ltr'>quibus</span> <span class='ocrx_word' id='word_1_372' title='bbox 2029 3908 2075 3970; x_wconf 91' lang='lat' dir='ltr'>usi</span> <span class='ocrx_word' id='word_1_373' title='bbox 2093 3925 2197 3970; x_wconf 88' lang='lat' dir='ltr'>sumus</span> 
     </span>
     <span class='ocr_line' id='line_1_30' title="bbox 443 4006 2197 4094; baseline -0.003 -23"><span class='ocrx_word' id='word_1_374' title='bbox 443 4027 472 4071; x_wconf 92' lang='lat' dir='ltr'>c.</span> <span class='ocrx_word' id='word_1_375' title='bbox 489 4011 528 4072; x_wconf 82' lang='grc'>18</span> <span class='ocrx_word' id='word_1_376' title='bbox 543 4029 552 4072; x_wconf 91' lang='lat'><strong>:</strong></span> <span class='ocrx_word' id='word_1_377' title='bbox 571 4007 679 4072; x_wconf 73' lang='lat' dir='ltr'>«Huic</span> <span class='ocrx_word' id='word_1_378' title='bbox 690 4008 822 4070; x_wconf 86' lang='lat' dir='ltr'>orationi</span> <span class='ocrx_word' id='word_1_379' title='bbox 832 4007 954 4071; x_wconf 88' lang='lat' dir='ltr'>Servius</span> <span class='ocrx_word' id='word_1_380' title='bbox 964 4010 1287 4072; x_wconf 77' lang='lat' dir='ltr'>cumiatcrvcuissct.»</span> <span class='ocrx_word' id='word_1_381' title='bbox 1347 4012 1469 4094; x_wconf 78' lang='lat' dir='ltr'>placent</span> <span class='ocrx_word' id='word_1_382' title='bbox 1486 4035 1494 4076; x_wconf 74' lang='grc' dir='ltr'>ς</span> <span class='ocrx_word' id='word_1_383' title='bbox 1511 4030 1584 4073; x_wconf 78' lang='lat' dir='ltr'>nam</span> <span class='ocrx_word' id='word_1_384' title='bbox 1594 4010 1686 4072; x_wconf 78' lang='lat' dir='ltr'>verbs</span> <span class='ocrx_word' id='word_1_385' title='bbox 1698 4006 1933 4091; x_wconf 87' lang='lat' dir='ltr'>quamplurima</span> <span class='ocrx_word' id='word_1_386' title='bbox 1943 4007 2197 4071; x_wconf 78' lang='lat' dir='ltr'>necessariosunt</span> 
     </span>
     <span class='ocr_line' id='line_1_31' title="bbox 443 4104 2195 4193; baseline -0.001 -25"><span class='ocrx_word' id='word_1_387' title='bbox 443 4106 571 4185; x_wconf 88' lang='lat' dir='ltr'>lbidem,</span> <span class='ocrx_word' id='word_1_388' title='bbox 592 4126 621 4169; x_wconf 92' lang='lat' dir='ltr'>c.</span> <span class='ocrx_word' id='word_1_389' title='bbox 642 4110 681 4170; x_wconf 90' lang='grc'>36</span> <span class='ocrx_word' id='word_1_390' title='bbox 702 4125 710 4170; x_wconf 91' lang='lat'><strong>:</strong></span> <span class='ocrx_word' id='word_1_391' title='bbox 729 4129 745 4166; x_wconf 83' lang='lat' dir='ltr'>u</span> <span class='ocrx_word' id='word_1_392' title='bbox 762 4104 848 4169; x_wconf 90' lang='lat' dir='ltr'>lluro</span> <span class='ocrx_word' id='word_1_393' title='bbox 872 4125 997 4188; x_wconf 89' lang='lat' dir='ltr'>quoque</span> <span class='ocrx_word' id='word_1_394' title='bbox 1019 4107 1140 4188; x_wconf 83' lang='lat' dir='ltr'>lapideo</span> <span class='ocrx_word' id='word_1_395' title='bbox 1161 4106 1292 4170; x_wconf 85' lang='lat' dir='ltr'>circum·</span> <span class='ocrx_word' id='word_1_396' title='bbox 1349 4109 1543 4193; x_wconf 82' lang='lat' dir='ltr'>excipienda,</span> <span class='ocrx_word' id='word_1_397' title='bbox 1555 4108 1581 4172; x_wconf 92' lang='lat' dir='ltr'>si</span> <span class='ocrx_word' id='word_1_398' title='bbox 1592 4127 1658 4172; x_wconf 89' lang='lat' dir='ltr'>rem</span> <span class='ocrx_word' id='word_1_399' title='bbox 1668 4106 1845 4188; x_wconf 79' lang='lat' dir='ltr'>diligentius</span> <span class='ocrx_word' id='word_1_400' title='bbox 1859 4105 2012 4188; x_wconf 90' lang='lat' dir='ltr'>inspicias.</span> <span class='ocrx_word' id='word_1_401' title='bbox 2027 4105 2106 4178; x_wconf 82' lang='lat' dir='ltr'>Quid</span> <span class='ocrx_word' id='word_1_402' title='bbox 2111 4106 2195 4187; x_wconf 79' lang='lat' dir='ltr'>jaso,</span> 
     </span>
     <span class='ocr_line' id='line_1_32' title="bbox 443 4202 2195 4291; baseline -0.001 -25"><span class='ocrx_word' id='word_1_403' title='bbox 443 4205 517 4267; x_wconf 89' lang='lat' dir='ltr'>dare</span> <span class='ocrx_word' id='word_1_404' title='bbox 531 4204 639 4268; x_wconf 91' lang='lat' dir='ltr'>urbem</span> <span class='ocrx_word' id='word_1_405' title='bbox 658 4205 797 4286; x_wconf 87' lang='lat' dir='ltr'>parabat,</span> <span class='ocrx_word' id='word_1_406' title='bbox 812 4221 885 4266; x_wconf 89' lang='lat' dir='ltr'>oum</span> <span class='ocrx_word' id='word_1_407' title='bbox 899 4203 1048 4266; x_wconf 87' lang='lat' dir='ltr'>Sabinum</span> <span class='ocrx_word' id='word_1_408' title='bbox 1064 4204 1180 4268; x_wconf 90' lang='lat' dir='ltr'>bellum</span> <span class='ocrx_word' id='word_1_409' title='bbox 1194 4208 1294 4287; x_wconf 81' lang='lat' dir='ltr'>captis</span> <span class='ocrx_word' id='word_1_410' title='bbox 1349 4209 1473 4291; x_wconf 87' lang='lat' dir='ltr'>adjuvo,</span> <span class='ocrx_word' id='word_1_411' title='bbox 1492 4209 1567 4289; x_wconf 73' lang='lat' dir='ltr'>ispo,</span> <span class='ocrx_word' id='word_1_412' title='bbox 1586 4205 1712 4278; x_wconf 84' lang='lat' dir='ltr'>subleva.</span> <span class='ocrx_word' id='word_1_413' title='bbox 1733 4204 1831 4287; x_wconf 76' lang='lat' dir='ltr'>eripe,</span> <span class='ocrx_word' id='word_1_414' title='bbox 1853 4203 2010 4286; x_wconf 81' lang='lat' dir='ltr'>confirmo,</span> <span class='ocrx_word' id='word_1_415' title='bbox 2029 4202 2195 4278; x_wconf 86' lang='lat' dir='ltr'>corroboro,</span> 
     </span>
     <span class='ocr_line' id='line_1_33' title="bbox 445 4301 2196 4385; baseline -0.001 -21"><span class='ocrx_word' id='word_1_416' title='bbox 445 4304 614 4366; x_wconf 84' lang='lat' dir='ltr'>intervenit.</span> <span class='ocrx_word' id='word_1_417' title='bbox 632 4325 648 4362; x_wconf 85' lang='lat' dir='ltr'>s</span> <span class='ocrx_word' id='word_1_418' title='bbox 669 4301 744 4371; x_wconf 88' lang='lat' dir='ltr'>Cic..</span> <span class='ocrx_word' id='word_1_419' title='bbox 760 4320 818 4385; x_wconf 91' lang='lat' dir='ltr'>pro</span> <span class='ocrx_word' id='word_1_420' title='bbox 839 4301 955 4383; x_wconf 71' lang='lat' dir='ltr'>Dejot,</span> <span class='ocrx_word' id='word_1_421' title='bbox 978 4322 1008 4368; x_wconf 90' lang='lat' dir='ltr'>c.</span> <span class='ocrx_word' id='word_1_422' title='bbox 1031 4305 1082 4380; x_wconf 84' lang='grc'><strong>13,</strong></span> <span class='ocrx_word' id='word_1_423' title='bbox 1100 4306 1140 4365; x_wconf 86' lang='grc'>36</span> <span class='ocrx_word' id='word_1_424' title='bbox 1162 4323 1171 4366; x_wconf 87' lang='lat'><strong>:</strong></span> <span class='ocrx_word' id='word_1_425' title='bbox 1194 4327 1209 4366; x_wconf 83' lang='lat' dir='ltr'>s</span> <span class='ocrx_word' id='word_1_426' title='bbox 1229 4304 1293 4368; x_wconf 90' lang='lat' dir='ltr'>Nec</span> <span class='ocrx_word' id='word_1_427' title='bbox 1350 4310 1412 4384; x_wconf 88' lang='lat' dir='ltr'>alo,</span> <span class='ocrx_word' id='word_1_428' title='bbox 1432 4308 1548 4383; x_wconf 84' lang='lat' dir='ltr'>nutrio,</span> <span class='ocrx_word' id='word_1_429' title='bbox 1565 4313 1706 4382; x_wconf 84' lang='lat' dir='ltr'>sustento,</span> <span class='ocrx_word' id='word_1_430' title='bbox 1726 4304 1845 4381; x_wconf 72' lang='lat' dir='ltr'>iactor,</span> <span class='ocrx_word' id='word_1_431' title='bbox 1867 4322 1970 4365; x_wconf 84' lang='lat' dir='ltr'>moneo</span> <span class='ocrx_word' id='word_1_432' title='bbox 1991 4308 2023 4365; x_wconf 93' lang='lat' dir='ltr'>et</span> <span class='ocrx_word' id='word_1_433' title='bbox 2042 4301 2102 4364; x_wconf 85' lang='lat' dir='ltr'>alia</span> <span class='ocrx_word' id='word_1_434' title='bbox 2120 4318 2196 4384; x_wconf 89' lang='lat' dir='ltr'>pene</span> 
     </span>
     <span class='ocr_line' id='line_1_34' title="bbox 445 4399 2195 4484; baseline -0.001 -22"><span class='ocrx_word' id='word_1_435' title='bbox 445 4419 581 4483; x_wconf 88' lang='lat' dir='ltr'>uuquam</span> <span class='ocrx_word' id='word_1_436' title='bbox 610 4399 770 4463; x_wconf 74' lang='lat' dir='ltr'>accumbet</span> <span class='ocrx_word' id='word_1_437' title='bbox 797 4400 940 4478; x_wconf 85' lang='lat' dir='ltr'>inimicis,</span> <span class='ocrx_word' id='word_1_438' title='bbox 976 4419 1016 4464; x_wconf 88' lang='lat' dir='ltr'>ne</span> <span class='ocrx_word' id='word_1_439' title='bbox 1048 4403 1181 4482; x_wconf 75' lang='lat' dir='ltr'>fortuma</span> <span class='ocrx_word' id='word_1_440' title='bbox 1217 4407 1292 4484; x_wconf 86' lang='lat' dir='ltr'>qui·</span> <span class='ocrx_word' id='word_1_441' title='bbox 1350 4407 1478 4484; x_wconf 85' lang='lat' dir='ltr'>infinita,</span> <span class='ocrx_word' id='word_1_442' title='bbox 1492 4423 1596 4469; x_wconf 90' lang='lat' dir='ltr'>noune</span> <span class='ocrx_word' id='word_1_443' title='bbox 1610 4403 1650 4466; x_wconf 88' lang='lat' dir='ltr'>ad</span> <span class='ocrx_word' id='word_1_444' title='bbox 1663 4402 1824 4478; x_wconf 86' lang='lat' dir='ltr'>auxilium,</span> <span class='ocrx_word' id='word_1_445' title='bbox 1838 4402 2049 4478; x_wconf 90' lang='lat' dir='ltr'>commodum,</span> <span class='ocrx_word' id='word_1_446' title='bbox 2064 4399 2195 4463; x_wconf 86' lang='lat' dir='ltr'>levorem</span> 
     </span>
     <span class='ocr_line' id='line_1_35' title="bbox 445 4498 2194 4589; baseline -0.006 -19"><span class='ocrx_word' id='word_1_447' title='bbox 445 4498 560 4563; x_wconf 65' lang='lat' dir='ltr'>&lt;lenm</span> <span class='ocrx_word' id='word_1_448' title='bbox 1349 4506 1521 4589; x_wconf 79' lang='lat' dir='ltr'>pertinenti</span> <span class='ocrx_word' id='word_1_449' title='bbox 1544 4502 1658 4574; x_wconf 82' lang='lat' dir='ltr'>Perde,</span> <span class='ocrx_word' id='word_1_450' title='bbox 1686 4519 1778 4580; x_wconf 72' lang='lat' dir='ltr'>vexo,</span> <span class='ocrx_word' id='word_1_451' title='bbox 1801 4502 1925 4582; x_wconf 70' lang='lat' dir='ltr'>infesto,</span> <span class='ocrx_word' id='word_1_452' title='bbox 1946 4501 2062 4578; x_wconf 81' lang='lat' dir='ltr'>crucio,</span> <span class='ocrx_word' id='word_1_453' title='bbox 2082 4499 2194 4575; x_wconf 88' lang='lat' dir='ltr'>occido,</span> 
     </span>
    </p>

    <p class='ocr_par' dir='ltr' id='par_1_10' title="bbox 433 4596 2196 5074">
     <span class='ocr_line' id='line_1_36' title="bbox 485 4596 2195 4680; baseline -0.001 -21"><span class='ocrx_word' id='word_1_454' title='bbox 485 4596 554 4660; x_wconf 87' lang='lat' dir='ltr'>lluc</span> <span class='ocrx_word' id='word_1_455' title='bbox 576 4602 717 4678; x_wconf 86' lang='lat' dir='ltr'>spectant</span> <span class='ocrx_word' id='word_1_456' title='bbox 741 4619 750 4661; x_wconf 81' lang='lat' dir='ltr'>s</span> <span class='ocrx_word' id='word_1_457' title='bbox 774 4599 914 4675; x_wconf 85' lang='lat' dir='ltr'>acclamo,</span> <span class='ocrx_word' id='word_1_458' title='bbox 939 4597 1051 4676; x_wconf 84' lang='lat' dir='ltr'>accubo,</span> <span class='ocrx_word' id='word_1_459' title='bbox 1075 4599 1218 4677; x_wconf 79' lang='lat' dir='ltr'>accurabo,</span> <span class='ocrx_word' id='word_1_460' title='bbox 1247 4621 1294 4662; x_wconf 91' lang='lat' dir='ltr'>ac·</span> <span class='ocrx_word' id='word_1_461' title='bbox 1350 4608 1382 4665; x_wconf 89' lang='lat' dir='ltr'>et</span> <span class='ocrx_word' id='word_1_462' title='bbox 1407 4602 1467 4665; x_wconf 88' lang='lat' dir='ltr'>alia</span> <span class='ocrx_word' id='word_1_463' title='bbox 1488 4603 1662 4677; x_wconf 90' lang='lat' dir='ltr'>innumera,</span> <span class='ocrx_word' id='word_1_464' title='bbox 1683 4599 1752 4680; x_wconf 90' lang='lat' dir='ltr'>quis</span> <span class='ocrx_word' id='word_1_465' title='bbox 1779 4615 1843 4662; x_wconf 93' lang='lat' dir='ltr'>uon</span> <span class='ocrx_word' id='word_1_466' title='bbox 1865 4597 1948 4660; x_wconf 88' lang='lat' dir='ltr'>videt</span> <span class='ocrx_word' id='word_1_467' title='bbox 1967 4597 2195 4662; x_wconf 88' lang='lat' dir='ltr'>incommodum</span> 
     </span>
     <span class='ocr_line' id='line_1_37' title="bbox 445 4693 2196 4780; baseline -0.002 -24"><span class='ocrx_word' id='word_1_468' title='bbox 445 4714 550 4773; x_wconf 80' lang='lat' dir='ltr'>cresco,</span> <span class='ocrx_word' id='word_1_469' title='bbox 565 4694 697 4777; x_wconf 87' lang='lat' dir='ltr'>adjaceo,</span> <span class='ocrx_word' id='word_1_470' title='bbox 712 4695 871 4774; x_wconf 79' lang='lat' dir='ltr'>odoaccar,</span> <span class='ocrx_word' id='word_1_471' title='bbox 884 4697 999 4775; x_wconf 86' lang='lat' dir='ltr'>assisto,</span> <span class='ocrx_word' id='word_1_472' title='bbox 1018 4696 1139 4775; x_wconf 86' lang='lat' dir='ltr'>assideo,</span> <span class='ocrx_word' id='word_1_473' title='bbox 1154 4717 1291 4776; x_wconf 75' lang='lat' dir='ltr'>amacsco,</span> <span class='ocrx_word' id='word_1_474' title='bbox 1349 4698 1538 4780; x_wconf 79' lang='lat' dir='ltr'>significaret</span> <span class='ocrx_word' id='word_1_475' title='bbox 1554 4695 1629 4769; x_wconf 76' lang='lat' dir='ltr'>Qua</span> <span class='ocrx_word' id='word_1_476' title='bbox 1642 4713 1716 4758; x_wconf 92' lang='lat' dir='ltr'>cum</span> <span class='ocrx_word' id='word_1_477' title='bbox 1732 4695 1776 4756; x_wconf 87' lang='lat' dir='ltr'>ita</span> <span class='ocrx_word' id='word_1_478' title='bbox 1788 4693 1857 4772; x_wconf 87' lang='lat' dir='ltr'>sint,</span> <span class='ocrx_word' id='word_1_479' title='bbox 1873 4694 1973 4756; x_wconf 83' lang='lat' dir='ltr'>uisum</span> <span class='ocrx_word' id='word_1_480' title='bbox 1990 4698 2115 4756; x_wconf 88' lang='lat' dir='ltr'>estnon</span> <span class='ocrx_word' id='word_1_481' title='bbox 2134 4693 2196 4754; x_wconf 90' lang='lat' dir='ltr'>inu-</span> 
     </span>
     <span class='ocr_line' id='line_1_38' title="bbox 443 4791 2195 4876; baseline -0.001 -20"><span class='ocrx_word' id='word_1_482' title='bbox 443 4793 732 4871; x_wconf 85' lang='lat' dir='ltr'>camacsco,imulto‚</span> <span class='ocrx_word' id='word_1_483' title='bbox 746 4795 838 4875; x_wconf 79' lang='lat' dir='ltr'>inicio,</span> <span class='ocrx_word' id='word_1_484' title='bbox 853 4795 996 4871; x_wconf 82' lang='lat' dir='ltr'>incumbo,</span> <span class='ocrx_word' id='word_1_485' title='bbox 1008 4795 1166 4876; x_wconf 76' lang='lat' dir='ltr'>indemnia,</span> <span class='ocrx_word' id='word_1_486' title='bbox 1182 4797 1292 4876; x_wconf 81' lang='lat' dir='ltr'>iambo,</span> <span class='ocrx_word' id='word_1_487' title='bbox 1350 4797 1416 4876; x_wconf 86' lang='lat' dir='ltr'>tile,</span> <span class='ocrx_word' id='word_1_488' title='bbox 1436 4803 1547 4858; x_wconf 86' lang='lat' dir='ltr'>neutra</span> <span class='ocrx_word' id='word_1_489' title='bbox 1570 4812 1640 4876; x_wconf 82' lang='lat' dir='ltr'>quoe</span> <span class='ocrx_word' id='word_1_490' title='bbox 1661 4792 1797 4857; x_wconf 87' lang='lat' dir='ltr'>dativum</span> <span class='ocrx_word' id='word_1_491' title='bbox 1815 4792 2029 4869; x_wconf 83' lang='lat' dir='ltr'>admitterent,</span> <span class='ocrx_word' id='word_1_492' title='bbox 2042 4791 2195 4854; x_wconf 87' lang='lat' dir='ltr'>literarum</span> 
     </span>
     <span class='ocr_line' id='line_1_39' title="bbox 445 4891 2196 4975; baseline -0.002 -21"><span class='ocrx_word' id='word_1_493' title='bbox 445 4891 562 4968; x_wconf 84' lang='lat' dir='ltr'>illuceo,</span> <span class='ocrx_word' id='word_1_494' title='bbox 571 4891 733 4972; x_wconf 82' lang='lat' dir='ltr'>impendeo,</span> <span class='ocrx_word' id='word_1_495' title='bbox 747 4892 913 4975; x_wconf 76' lang='lat' dir='ltr'>inpcmisco,</span> <span class='ocrx_word' id='word_1_496' title='bbox 924 4894 1063 4970; x_wconf 83' lang='lat' dir='ltr'>insuesco,</span> <span class='ocrx_word' id='word_1_497' title='bbox 1071 4893 1194 4972; x_wconf 85' lang='lat' dir='ltr'>insideo,</span> <span class='ocrx_word' id='word_1_498' title='bbox 1202 4895 1295 4957; x_wconf 84' lang='lat' dir='ltr'>inter·</span> <span class='ocrx_word' id='word_1_499' title='bbox 1350 4895 1459 4958; x_wconf 87' lang='lat' dir='ltr'>ordine</span> <span class='ocrx_word' id='word_1_500' title='bbox 1472 4911 1634 4957; x_wconf 89' lang='lat' dir='ltr'>recensere</span> <span class='ocrx_word' id='word_1_501' title='bbox 1637 4895 1653 4970; x_wconf 91' lang='lat'>,&#39;</span> <span class='ocrx_word' id='word_1_502' title='bbox 1662 4911 1725 4956; x_wconf 92' lang='lat' dir='ltr'>uon</span> <span class='ocrx_word' id='word_1_503' title='bbox 1744 4900 1779 4955; x_wconf 92' lang='lat' dir='ltr'>ut</span> <span class='ocrx_word' id='word_1_504' title='bbox 1794 4892 1953 4956; x_wconf 84' lang='lat' dir='ltr'>memoriae</span> <span class='ocrx_word' id='word_1_505' title='bbox 1969 4910 1987 4954; x_wconf 88' lang='lat' dir='ltr'>a</span> <span class='ocrx_word' id='word_1_506' title='bbox 2002 4891 2106 4972; x_wconf 90' lang='lat' dir='ltr'>pueris</span> <span class='ocrx_word' id='word_1_507' title='bbox 2116 4907 2196 4952; x_wconf 90' lang='lat' dir='ltr'>man·</span> 
     </span>
     <span class='ocr_line' id='line_1_40' title="bbox 433 4989 1899 5074; baseline 0.001 -24"><span class='ocrx_word' id='word_1_508' title='bbox 433 4989 537 5065; x_wconf 75' lang='lat' dir='ltr'>iaceo,</span> <span class='ocrx_word' id='word_1_509' title='bbox 557 5007 692 5067; x_wconf 79' lang='lat' dir='ltr'>ocmrro,</span> <span class='ocrx_word' id='word_1_510' title='bbox 712 5009 843 5067; x_wconf 86' lang='lat' dir='ltr'>occurso,</span> <span class='ocrx_word' id='word_1_511' title='bbox 864 4990 985 5072; x_wconf 87' lang='lat' dir='ltr'>obrepo,</span> <span class='ocrx_word' id='word_1_512' title='bbox 1006 4989 1131 5069; x_wconf 86' lang='lat' dir='ltr'>adorior,</span> <span class='ocrx_word' id='word_1_513' title='bbox 1152 4991 1294 5074; x_wconf 82' lang='lat' dir='ltr'>obequita,</span> <span class='ocrx_word' id='word_1_514' title='bbox 1351 4992 1475 5072; x_wconf 90' lang='lat' dir='ltr'>deutur,</span> <span class='ocrx_word' id='word_1_515' title='bbox 1488 4992 1544 5055; x_wconf 88' lang='lat' dir='ltr'>scd</span> <span class='ocrx_word' id='word_1_516' title='bbox 1555 4999 1589 5055; x_wconf 93' lang='lat' dir='ltr'>ut</span> <span class='ocrx_word' id='word_1_517' title='bbox 1601 4990 1737 5055; x_wconf 87' lang='lat' dir='ltr'>erebrius</span> <span class='ocrx_word' id='word_1_518' title='bbox 1747 4991 1899 5070; x_wconf 78' lang='lat' dir='ltr'>legantur.</span> 
     </span>
    </p>
   </div>
   <div class='ocr_carea' id='block_1_9' title="bbox 0 0 2343 6148">
    <p class='ocr_par' dir='ltr' id='par_1_11' title="bbox 0 0 2343 6148">
     <span class='ocr_line' id='line_1_41' title="bbox 0 0 2343 6148; baseline 0 0"><span class='ocrx_word' id='word_1_519' title='bbox 0 0 2343 6148; x_wconf 95' lang='lat' dir='ltr'> </span> 
     </span>
    </p>
   </div>
  </div>
 </body>
</html>
