4646 6164
1075 515 1119 568 DE
1138 513 1367 566 stuunutuutt
1387 511 1613 565 utuuusrouu.

1104 860 1440 943 PRAECEPI'UII
1475 862 1595 940 VIII.

532 1151 622 1228 453.
653 1149 799 1254 Supina
817 1149 857 1228 In
877 1153 975 1229 itum
989 1176 1010 1230 a
1025 1151 1224 1255 praeteritis
1238 1151 1278 1230 In
1293 1156 1339 1231 ui
1350 1179 1457 1258 peru
1472 1152 1663 1252 vocalem,
1689 1151 1838 1231 habent
1857 1150 2111 1256 penultimam
2128 1153 2208 1233 bre-

476 1301 577 1375 vem,
595 1281 637 1353 ut
651 1278 793 1374 monui,
811 1282 1019 1373 monitum·
1031 1281 1145 1376 tuour',
1162 1283 1333 1356 tacitum.
1351 1275 1548 1385 Virgilius,
1568 1278 1666 1356 AEn.
1683 1275 1752 1376 VI,
1770 1303 1808 1353 v.
1827 1274 1905 1355 did
1923 1307 1931 1352 ε

872 1461 984 1525 Discite
992 1462 1140 1541 justitiam
1151 1463 1267 1538 moniti,
1280 1467 1311 1524 et
1325 1481 1387 1526 uon
1399 1469 1538 1525 temnere
1550 1460 1659 1523 Divos.

479 1622 596 1720 Idem,
612 1621 724 1722 ibid,
739 1651 775 1700 v.
794 1622 871 1702 842
892 1654 900 1701 :

872 1806 946 1880 Quis
955 1812 997 1885 te,
1007 1825 1117 1888 magne
1127 1808 1214 1885 Cato,
1225 1811 1359 1888 tacitum,
1369 1818 1423 1873 aut
1433 1818 1474 1890 te,
1486 1813 1588 1894 Cossa,
1603 1813 1778 1896 relinquat?

1149 2182 1455 2264 PRAECIIPTUII
1484 2185 1549 2264 IX.

1102 2455 1183 2551 DE
1227 2458 1605 2553 DIIRIVA'IIS

533 2737 625 2814 454.
648 2733 1047 2841 Derivatasequuntur
1060 2748 1239 2819 naturam
1254 2763 1386 2818 eorum
1401 2737 2069 2845 oquibusderIvantur,utldpebom,
2083 2740 2205 2840 tapam,

480 2864 576 2963 lupe,
595 2862 724 2964 laprio,
742 2859 866 2965 prime
884 2863 1003 2962 brevi,
1023 2864 1113 2968 quia
1132 2863 1310 2944 oriuntur
1329 2889 1352 2941 a
1372 2862 1551 2969 praesenti
1570 2864 1668 2967 lupo,
1689 2864 1811 2967 le‘pz's,
1834 2862 1945 2968 eujus
1966 2862 2070 2968 prior
2093 2861 2209 2940 itidem

481 2983 608 3063 brevis
622 2992 693 3063 est.

535 3109 695 3211 mpero,
719 3110 905 3213 leprosam,
928 3113 1070 3215 lupera,
1094 3115 1242 3217 leprose,
1265 3112 1390 3219 prime
1409 3113 1535 3218 longa,
1557 3111 1648 3215 quia
1663 3137 1685 3192 a
1698 3111 1892 3217 praeterito
1908 3111 1987 3216 lapi
2000 3117 2208 3202 nascuntur,

484 3232 593 3339 cujus
607 3233 711 3338 prior
723 3234 840 3315 etiem
854 3237 1061 3345 longeest.

537 3361 733 3459 Arduum,
750 3363 1012 3464 simulacrum,
1028 3364 1303 3460 ambulacrum,
1319 3365 1527 3460 lavacrum,
1544 3362 1806 3460 volutabrum,
1823 3362 2076 3460 euvoldorum,
2093 3354 2212 3464 penul-

486 3483 580 3561 tima
595 3483 724 3590 longa,
748 3485 838 3589 quia
858 3512 881 3564 a
900 3487 1048 3592 supinis
1065 3499 1232 3588 aratum,
1255 3489 1490 3584 simulatum,
1515 3487 1774 3586 ambulatum,
1796 3487 1981 3583 lavatum,
2005 3487 2209 3574 volutatum,

485 3609 708 3706 trroolutum,
725 3607 981 3711 deducuntur,
997 3637 1160 3716 quorum
1174 3612 1289 3716 penul
1296 3610 1389 3690 tima
1400 3609 1577 3690 similiter
1591 3611 1707 3718 longa
1721 3636 1763 3690 es
1774 3617 1810 3688 t.

538 3731 705 3833 Raditur,
722 3739 857 3834 esitus,
875 3739 1066 3836 mtrottus,
1085 3733 1298 3840 penultima
1311 3741 1500 3840 correpta,
1520 3733 1611 3838 quia
1630 3733 1783 3840 supina
1803 3732 1905 3813 unde
1921 3731 2034 3831 fiunt,
2053 3728 2212 3811 eamdem

487 3855 631 3933 habent
646 3856 817 3937 brevem.

1218 4101 1490 4173 EXCEPTIO.

540 4291 659 4370 Multa
691 4317 776 4396 quae
804 4317 880 4370 suae
914 4291 1072 4399 originis
1105 4299 1281 4371 naturam
1310 4318 1388 4372 non
1415 4299 1651 4397 sequuntur,
1682 4319 1755 4373 usu
1779 4291 2004 4395 assiduaque
2033 4297 2216 4395 poetamn

488 4415 650 4496 lectione
666 4424 755 4494 sunt
770 4416 968 4516 discenda,
990 4417 1204 4523 eujusmodi
1224 4425 1314 4497 sunt
1333 4421 1475 4520 fomes,
1496 4418 1660 4513 mobilis,
1681 4419 1846 4516 laterna,
1865 4417 2020 4521 rapula,
2043 4439 2123 4519 qua
2142 4409 2218 4516 pri-

488 4566 592 4618 mam
614 4541 759 4620 habent
779 4540 951 4648 longam,
975 4567 1064 4621 oum
1082 4541 1199 4622 verba
1218 4546 1344 4644 fdoeo,
1366 4549 1513 4638 moveo,
1530 4543 1642 4638 lateo,
1660 4545 1767 4647 rapo,
1784 4541 1959 4644 aquibus
1976 4537 2219 4644 proficiscun-

489 4671 563 4761 tur,
581 4665 757 4746 eamdem
772 4663 995 4769 corripiant.

541 4792 681 4870 Contra
706 4793 878 4889 lucerne,
904 4795 1037 4890 druto,
1063 4798 1190 4896 εὗρον,
1216 4793 1372 4892 uadum,
1401 4791 1565 4896 primaru
1593 4789 1819 4896 corripiunt,
1850 4815 1939 4870 oum
1969 4789 2214 4878 verbalium,

487 4929 590 5012 oreo,
607 4919 726 5019 sopio,
742 4917 852 5014 oddo,
871 4913 1045 5018 aquibus
1058 4916 1317 5016 deoIInautur,
1336 4917 1512 4997 eamdem
1525 4918 1754 5024 producant.

528 5163 582 5226 IIio
596 5164 698 5245 putavi
710 5163 889 5227 testimoniis
909 5164 1180 5246 supersedendum,
1204 5182 1244 5228 no
1262 5164 1331 5227 lon·
1389 5166 1649 5248 pretermisimus,
1664 5183 1736 5228 oum
1750 5163 1879 5228 totidem
1891 5169 1945 5226 aut
1965 5162 2053 5244 pluro
2075 5161 2219 5239 sintque,

487 5263 552 5342 gIor
571 5281 681 5325 essem.
696 5262 823 5325 Addunt
835 5262 959 5344 quidam
977 5263 1050 5326 huie
1063 5269 1215 5346 proeoepto
1227 5282 1235 5326 :
1249 5262 1333 5324 dum-
1389 5269 1508 5326 mutate
1530 5268 1732 5340 consonante,
1746 5260 1942 5324 nihilomiuus
1956 5257 2125 5341 primIgeuii
2137 5271 2220 5338 quou-

488 5359 571 5420 mulo
591 5360 690 5422 eodem
711 5381 867 5425 romonum
880 5370 1008 5441 moueat,
1029 5363 1112 5444 quod
1129 5362 1169 5426 de
1183 5361 1330 5426 industria
1388 5361 1506 5424 titateru
1515 5365 1695 5443 sequentur,
1704 5359 1951 5435 utsimutucrum,
1966 5358 2218 5432 involuerumete-
