4678 6162
494 501 571 581 186
1151 531 1194 582 ns
1213 528 1365 580 sranius
1387 527 1561 581 connum.

493 659 612 761 Idem,
631 663 722 743 AEn.
738 663 804 762 Vl,
823 689 858 741 v.
877 663 954 740 194
973 693 982 739 :

884 847 987 930 Atque
1000 845 1050 910 hie
1063 847 1248 910 Priamiden
1259 845 1409 911 laniatum
1424 861 1552 926 corpore
1565 849 1632 908 toto

886 943 1081 1026 Deiphobum
1095 943 1180 1007 vidit.
1294 1039 1298 1048 ,

492 1104 721 1211 Propertius,
737 1105 765 1184 1.
782 1105 830 1204 ll,
845 1104 946 1214 eleg.
968 1107 1030 1207 le,
1048 1133 1083 1184 v.
1105 1105 1152 1184 16
1170 1136 1178 1184 :
1302 1145 1305 1152 ·

889 1289 928 1355 Et
940 1289 1051 1354 domus
1062 1289 1181 1354 intaetae
1192 1294 1223 1352 te
1232 1287 1476 1353 tremitAratr'oe.

546 1456 625 1534 Aut
646 1461 782 1535 eontra
805 1455 941 1564 langas
962 1453 1168 1560 corripere,
1191 1459 1236 1532 ut
1260 1476 1349 1532 eum
1375 1449 1502 1532 brevis
1525 1451 1627 1530 inter
1650 1445 1745 1528 duas
1773 1445 1909 1553 langas
1929 1449 1996 1524 est.
2018 1436 2214 1536 luvenalis,

495 1580 576 1660 Sat.
595 1580 639 1680 ll,
652 1606 689 1659 v.
708 1580 757 1659 64
777 1610 785 1661 :

886 1739 1043 1821 Fugerunt
1055 1735 1164 1820 trepidi
1178 1754 1249 1800 sera
1264 1755 1300 1800 ac
1315 1733 1475 1798 manifeste
1488 1737 1651 1799 canentem

887 1837 1039 1902 Stoicidae.

491 2002 667 2082 Steteriloe
681 1998 778 2081 dixit
792 2000 1008 2107 penultima
1021 1997 1128 2082 brevi
1147 1995 1372 2078 necessitate
1387 1993 1502 2076 metri
1516 1991 1760 2092 constrictus,
1777 2015 1904 2096 neque
1920 1985 2026 2070 enim
2046 1983 2217 2068 hexame-

493 2133 596 2207 trum
610 2150 767 2207 carmen
781 2125 968 2208 creticum
984 2123 1134 2230 recipit,
1152 2121 1219 2227 qui
1234 2147 1279 2202 ex
1294 2120 1425 2228 longa,
1442 2119 1547 2201 brevi
1562 2127 1601 2200 et
1615 2119 1732 2227 longa
1744 2122 1908 2199 constat.

987 2536 1065 2626 DE
1109 2533 1417 2630 LICENTIA
1460 2529 1738 2628 ronulas

548 2792 638 2873 513.
670 2793 810 2891 Poeta,
831 2789 973 2897 quibus
991 2816 1143 2898 semper
1160 2801 1326 2902 potestas
1345 2792 1432 2892 luit,
1451 2801 1494 2873 ut
1511 2793 1639 2899 inquit
1655 2791 1851 2892 Horatius,
1871 2795 1965 2872 Arte
1977 2796 2096 2896 poet,
2111 2813 2145 2864 v.
2163 2785 2216 2882 ltl,

496 2913 685 3022 quidlibet
698 2914 881 3016 audendi,
897 2917 1006 2997 nulla
1019 2917 1140 3000 eeaati
1154 2917 1396 3018 necessitate,
1413 2917 1570 3026 syllabis
1584 2918 1780 3001 interdum
1798 2942 1868 3026 pro
1881 2941 1949 2998 suo
1961 2913 2049 3022 jure
2062 2912 2219 2994 abutun-

317 3069 325 3084 ⁴
381 3067 403 3107 a
498 3047 573 3121 tur.
598 3039 784 3122 Tulerunt
801 3040 922 3142 enim,
938 3043 1142 3143 dederunt,
1167 3051 1204 3124 et
1220 3044 1412 3125 nonnulla
1430 3043 1505 3125 ulia
1525 3042 1697 3152 ejusdem
1719 3042 1889 3153 generis,
1906 3037 2121 3149 penultima
2140 3061 2220 3120 ear-

497 3172 608 3273 repta
619 3165 798 3248 ellemnt.
814 3164 1016 3275 Virgilius,
1033 3167 1165 3274 Ecleg.
1184 3168 1248 3270 lV,
1265 3196 1302 3248 v.
1321 3169 1365 3248 61
1387 3200 1396 3249 :

889 3353 976 3419 llatri
988 3355 1081 3438 longa
1094 3355 1204 3420 decem
1219 3356 1353 3420 tuterunt
1365 3355 1485 3422 fastidia
1497 3373 1629 3422 menses.

497 3518 689 3620 Horatius,
708 3520 735 3601 l.
753 3521 780 3621 l,
796 3519 908 3630 epist.
926 3521 966 3622 l,
983 3548 1019 3601 v.
1038 3521 1062 3600 7
1080 3551 1089 3601 r

891 3706 929 3771 nl
941 3706 996 3770 tibi
1009 3705 1129 3772 divitias
1141 3704 1288 3771 dedirunt
1297 3713 1461 3790 artemque
1474 3704 1598 3771 fruendi
1612 3707 1668 3788 (l).

528 4029 856 4097 mmmmnm
