4630 6164
633 643 677 694 llll
698 639 980 698 CONSTRUCTIONE
1000 642 1104 700 vianet
1124 643 1258 700 tcttvt.

87 765 225 834 larem.
707 773 730 836 P

87 864 206 929 lutuor.
586 924 593 938 ,

524 924 676 990 Pucrscor.

251 1016 278 1081 N
524 1023 639 1089 Potior.

524 1111 707 1188 Percoutor.

524 1219 697 1299 Periclitor,
718 1219 770 1284 noc
789 1228 849 1298 est,
869 1239 922 1284 cx·

566 1318 681 1401 perior.
817 1343 821 1352 ·

525 1417 722 1500 Persequor.

251 1488 277 1555 ⁰
524 1516 684 1597 Pigneror.

86 1601 253 1670 Obliviscor.
525 1612 687 1678 Polliceor.

86 1699 231 1767 Obmiuor.
526 1709 673 1794 Populor.

86 1797 229 1866 Obtcstor.
526 1808 659 1872 Praedor.

86 1893 212 1978 Operior·
526 1906 736 1972 Praemoditor.

86 1992 201 2077 Opinor.
527 2001 698 2070 Praestolor.

86 2089 193 2158 Ordior.
527 2100 649 2167 Precor.

86 1138 249 1206 Nancbcor.

86 1235 245 1304 Nundiuor.

86 1334 227 1403 Nutricor.

119 2285 230 2365 Cicero,
244 2288 323 2362 nte,
343 2288 366 2352 Ι.
390 2287 443 2366 ΙΙΙ,
468 2309 518 2372 op.
544 2294 595 2371 Ι3,
617 2299 629 2357 Ι
656 2291 775 2356 :aliie
795 2290 920 2375 quidem

85 2401 159 2447 mera
176 2386 286 2450 scelera
303 2387 477 2469 loquantum
493 2411 508 2448 a
525 2389 622 2454 Caesar
630 2437 640 2469 ,
655 2389 740 2454 bello
755 2391 847 2468 Gall,
860 2390 882 2454 Ι.
897 2389 922 2466 Ι,

85 2500 111 2546 c.
124 2485 183 2548 to:
202 2506 218 2544 ι
235 2483 306 2548 Νοιι
328 2484 480 2550 minorem
504 2486 622 2550 landem
645 2487 808 2563 exercitas,
829 2507 923 2573 quam

85 2577 141 2660 ipse
159 2579 329 2664 Imperator
346 2584 470 2646 meritae
490 2583 660 2649 videbatur.
683 2609 698 2646 u
721 2585 834 2649 Mereri
854 2585 924 2648 bene

85 2679 126 2742 rei
137 2681 210 2744 rante
222 2679 261 2744 de
273 2681 394 2764 atiquo,
412 2691 461 2746 est
480 2683 510 2748 ei
531 2684 727 2749 commodare
740 2683 789 2749 vel
807 2685 924 2748 incom-

86 2776 210 2842 modare.
230 2777 338 2844 Cicero
352 2779 391 2844 ad
404 2779 507 2861 bont,
526 2781 625 2861 Fam,
647 2781 669 2846 Ι.
688 2781 714 2862 Ι,
734 2802 785 2866 ep.
807 2786 838 2860 9,
860 2784 922 2845 23:

88 2874 181 2942 «brat
196 2877 352 2942 inlinitum
366 2878 435 2944 lene
449 2878 488 2944 de
503 2900 549 2944 me
565 2881 687 2945 meritos
699 2899 808 2946 omnes
825 2879 925 2946 aonii·

84 2991 161 3038 nare.
175 2997 191 3036 a
208 2974 306 3055 idem,
320 2994 376 3059 pro
393 2977 517 3057 llilonc,
531 2997 561 3042 c.
575 2981 628 3059 36,
642 2983 683 3045 99
700 2997 710 3043 r
729 2978 828 3044 «Non
841 2979 923 3044 eninr

85 3069 190 3137 inimici
209 3072 272 3138 mei
295 3082 326 3138 te
346 3074 421 3138 mihi
442 3076 583 3160 eripient,
598 3077 654 3142 sed
668 3075 842 3142 amicissimi
861 3095 924 3141 nou

84 3171 152 3234 nde
162 3171 327 3256 aliqnando
340 3172 378 3237 de
388 3193 435 3237 me
445 3175 558 3253 meriti,
570 3173 624 3238 sed
635 3192 757 3258 semper
765 3175 918 3258 optime.»

118 3267 214 3350 Beer,
227 3268 361 3350 dedecet,
373 3271 484 3356 janot,
499 3273 637 3348 delectat,
654 3272 748 3337 modo
761 3272 925 3336 nominati·

84 3379 149 3430 vum
162 3367 278 3433 babent
291 3375 410 3451 aperte.
426 3369 532 3434 Cicero
554 3369 585 3433 in
608 3369 709 3448 Brut,
724 3389 754 3434 c.
769 3373 821 3449 85,
836 3373 896 3435 292
913 3387 922 3434 r

86 3485 100 3520 a
118 3462 200 3529 Decet
219 3465 281 3532 boc
293 3467 398 3533 nescio
412 3468 571 3551 quomodo
591 3467 688 3532 illam.
704 3489 720 3528 a
737 3467 868 3544 Seneca,
884 3469 923 3534 de

84 3557 197 3644 lenm,
211 3565 234 3629 Ι.
251 3563 289 3640 ΙΙ,
310 3585 340 3630 c.
362 3569 413 3645 Ι3,
436 3573 450 3628 Ι
477 3584 487 3630 r
512 3590 528 3628 a
552 3565 593 3629 Te
611 3565 715 3629 omnia
733 3565 881 3630 dedecent.
903 3591 919 3628 a

82 3655 210 3742 Plinius,
228 3663 251 3728 Ι.
272 3661 323 3742 ΙΙΙ,
337 3683 388 3748 op.
403 3667 456 3744 Ti,
469 3665 510 3729 ad
521 3664 719 3729 Sabinianum
739 3683 748 3728 r
770 3663 924 3729 elucebit

82 3755 136 3824 boa
148 3769 217 3826 te.»
232 3759 346 3842 Plaut,
357 3763 446 3847 ant.
459 3773 521 3828 aot.
537 3763 560 3842 Ι,
575 3783 618 3829 se.
635 3766 668 3841 T,
683 3783 712 3826 v.
728 3767 767 3828 33
782 3781 792 3828 ε

137 3969 225 4036 licque
235 3983 350 4037 unqarur
360 3971 502 4039 quidquam
514 3972 639 4040 meinent
646 3972 717 4041 quod
731 3971 781 4024 edo
794 3970 874 4024 domi.

83 4153 190 4240 Cicero,
207 4157 306 4235 Tam,
322 4157 344 4220 Ι.
360 4157 386 4236 Ι,
398 4178 448 4242 cp.
462 4162 492 4240 “Ι,
509 4165 548 4226 ld
564 4184 572 4226 :
587 4185 603 4224 a
617 4161 668 4226 Me
681 4168 776 4227 status
790 4163 841 4226 hie
854 4159 923 4226 Rei-

83 4254 207 4336 pnblicae
219 4273 282 4320 uon
295 4255 434 4321 delectat.
447 4281 508 4318 o-
516 4259 606 4324 blodo
624 4259 778 4324 infinitum
791 4266 845 4325 ant
859 4277 924 4323 vcr-

83 4349 150 4417 bom
162 4373 234 4419 cnm
246 4372 303 4419 suo
318 4373 393 4418 casu
405 4355 474 4422 loco
489 4357 670 4421 nominativi
684 4359 808 4423 babent.
823 4357 920 4438 idern,

83 4449 179 4532 Tusc,
202 4454 223 4518 Ι.
246 4453 296 4532 ΙΙΙ,
320 4472 350 4518 c.
369 4455 426 4533 Tb,
448 4458 487 4520 55
504 4475 512 4520 :
532 4456 722 4523 «Oratorem
742 4475 814 4522 vero
834 4457 925 4520 irasci

83 4551 202 4616 minime
212 4551 304 4633 decet,
317 4552 460 4617 simulare
472 4572 535 4619 uon
548 4555 675 4620 dedeoet.
690 4577 706 4616 a
719 4555 845 4636 Plinius,
861 4554 882 4617 Ι.
897 4552 922 4634 Ι,

82 4667 128 4730 ep.
143 4653 223 4726 i3,l
245 4671 253 4714 ε
273 4648 395 4714 «Juvat
412 4669 463 4715 me
484 4653 569 4734 quod
590 4654 691 4736 cipent
709 4652 821 4716 stadio.
841 4674 856 4712 a
877 4651 924 4715 ct-

83 4763 159 4829 eem,
171 4748 211 4812 ad
220 4747 325 4822 Quint.
336 4747 432 4828 Tr.,l.
445 4749 485 4828 ΙΙ,
495 4769 545 4830 cp.
562 4755 611 4830 ta,
625 4757 641 4815 t
657 4769 665 4814 :
681 4774 697 4811 a
713 4750 814 4834 Teque
829 4750 926 4812 litori

82 4845 174 4908 aalma
187 4865 295 4912 esse...
315 4865 367 4911 me
376 4848 509 4931 juvar.»
528 4850 669 4928 Quintil,
685 4849 706 4912 Ι.
724 4849 748 4928 Ι,
763 4867 793 4912 c.
810 4854 840 4926 Ι,
854 4851 896 4912 29
913 4865 922 4912 :

86 4963 100 5000 ι
114 4941 189 5008 Tum
202 4946 355 5029 praecipue
377 4947 409 5011 in
431 4947 568 5031 epistolis
581 4949 706 5012 secretis
719 4954 751 5010 et
766 4944 924 5009 ruminari-

81 5039 134 5104 bus
142 5042 307 5124 delectabit,
317 5063 354 5108 ne
365 5045 418 5108 doc
426 5045 542 5129 quidem
552 5047 714 5128 nepleetam
728 5043 890 5126 reliquisse.
903 5064 918 5104 a

117 5139 204 5204 Decet
232 5141 324 5206 etiam
352 5143 444 5208 dandi
471 5162 576 5210 casum
603 5144 707 5209 habet.
740 5139 919 5221 Terentius,

82 5237 207 5322 Adelph.
222 5247 282 5306 aet.
297 5239 335 5320 V,
345 5261 389 5308 sc.
404 5243 437 5321 8,
448 5261 479 5308 v.
496 5245 556 5308 932
571 5263 580 5310 :

263 5475 376 5494 .....
393 5439 447 5495 iuro
459 5441 546 5496 bercto
558 5443 593 5498 ita
607 5447 684 5500 nubta
697 5447 776 5505 decet.

1428 780 1527 844 Soior.

1429 878 1591 960 Speculor.

1110 1055 1113 1060 ,
1159 990 1185 1066 Q
1429 976 1585 1059 Suspicor.

981 1089 1110 1163 Queror.
1607 1108 1631 1174 'p

980 776 1141 842 Profiteor.

980 873 1165 958 Prosequor.

1158 1205 1186 1272 R
1430 1223 1595 1290 Testiiicor.

979 1301 1151 1368 R⁰0⁰ld⁰b
1431 1322 1547 1388 Testor.

979 1399 1140 1467 R⁰¹¹¹0¹¹⁰f·
1431 1421 1544 1486 Tueor.

978 1497 1072 1564 1¹⁰0&
1432 1519 1538 1585 Tutor.

978 1595 1095 1663 Rimor.
1615 1642 1641 1707 U
1764 1601 1767 1610 “

979 1809 1027 1874 sc.
1064 1811 1071 1824 .
1156 1712 1178 1777 s
1434 1759 1581 1826 Ulciscor.

1020 1819 1132 1876 rscrtor.

976 1907 1088 1973 Scitor.
1614 1893 1639 1956 V

1435 2001 1582 2066 Veneror.

1435 2099 1559 2164 Vereor.

1023 2291 1136 2370 eraut,
1149 2291 1263 2374 Amph.
1278 2297 1339 2356 act.
1355 2290 1393 2369 ΙΙ,
1408 2309 1452 2356 sc.
1465 2293 1496 2370 ἓ,
1512 2310 1542 2354 v.
1559 2293 1617 2354 188
1633 2307 1643 2354 r

1044 2443 1115 2495 lstuo
1127 2441 1241 2508 facinus,
1263 2443 1333 2514 quod
1355 2449 1384 2494 tu
1403 2442 1548 2508 lusimulas,
1566 2423 1655 2495 nocuo
1675 2442 1768 2588 penca
1776 2453 1828 2494 uon

1768 2527 1828 2575 orat.

982 2647 1061 2712 iliud
1082 2648 1169 2730 quod
1191 2649 1324 2713 offerunt
1344 2647 1471 2734 quidam
1484 2647 1637 2715 Ciceronis
1657 2647 1697 2711 da
1716 2645 1828 2713 Orat:
1959 2675 1965 2691 ·

986 2771 1000 2808 s
1015 2747 1208 2832 Quandoque
1225 2747 1256 2812 id
1269 2749 1378 2813 deceat
1389 2747 1559 2831 prudentiae
1572 2755 1646 2827 tuae,
1661 2771 1676 2808 a
1693 2747 1832 2830 suspicor

982 2843 1137 2928 nusquar'n
1150 2865 1230 2910 esse.
1243 2845 1384 2928 Antiqui,
1394 2846 1494 2929 inquit
1504 2846 1654 2923 Donatus,
1665 2845 1696 2909 in
1707 2842 1828 2909 Terent.

982 2943 1114 3024 Adelph.
1136 2950 1196 3008 act.
1217 2943 1254 3022 V,
1269 2962 1313 3007 sc.
1328 2947 1361 3023 8,
1375 2963 1404 3008 v.
1420 2946 1492 3022 932,
1512 2943 1537 3007 si
1557 2942 1710 3008 addebant
1729 2941 1831 3007 statim

982 3040 1122 3120 verbum,
1137 3039 1200 3104 Nos
1212 3041 1293 3105 decet
1305 3043 1415 3124 faeere,
1433 3041 1496 3105 Nor
1511 3040 1717 3120 deeetdicere‚·
1728 3040 1753 3105 si
1767 3059 1831 3106 uon

981 3139 1135 3228 addebant
1164 3161 1171 3204 :
1198 3137 1289 3203 Nolis
1315 3139 1416 3220 deret,
1446 3138 1598 3204 dicebant.
1626 3175 1665 3186 -
1693 3137 1828 3202 Verbum

980 3246 1109 3319 opertet,
1132 3255 1203 3301 cnm
1227 3237 1274 3301 bis
1296 3257 1365 3321 quae
1388 3237 1482 3305 modo
1507 3235 1827 3316 commemoravimus,

981 3335 1108 3417 quidam
1121 3336 1334 3417 conjungunt,
1354 3336 1524 3418 quasivero
1538 3335 1746 3401 accusativum
1760 3343 1830 3418 post

981 3453 1015 3497 se
1033 3434 1179 3516 postulet,
1195 3452 1267 3498 oum
1281 3434 1409 3498 verbum
1427 3434 1467 3498 sit
1484 3434 1658 3498 absolutum
1675 3439 1767 3516 atque
1782 3434 1829 3496 in-

982 3531 1191 3613 transitivum
1222 3532 1309 3615 quod
1344 3533 1438 3598 ruodo
1472 3532 1693 3598 nominativum
1723 3539 1829 3614 aperte

981 3629 1085 3695 babet.
1101 3629 1238 3708 Terent,
1250 3629 1360 3694 ileaut.
1375 3637 1436 3694 act.
1451 3630 1504 3709 lii,
1518 3649 1563 3696 sc.
1578 3635 1610 3709 T,
1624 3650 1654 3694 v.
1671 3632 1730 3694 536
1746 3647 1754 3694 r

1042 3781 1104 3834 lieo
1115 3780 1183 3835 lacta
1196 3781 1229 3833 ab
1239 3781 1284 3835 illo
1295 3781 1453 3849 oportebant
1465 3783 1513 3848 (Ι),
1522 3783 1594 3848 Syro.

981 3917 1105 3996 Cicero,
1118 3936 1176 4000 pro
1189 3917 1280 3981 Corn.
1296 3917 1409 3996 balbo,
1424 3936 1452 3980 c.
1469 3921 1501 3995 o,
1515 3919 1535 3981 8
1548 3935 1557 3980 r
1577 3941 1591 3978 o
1606 3917 1660 3981 Est
1678 3918 1760 3981 enim
1775 3917 1829 3981 ati·

981 4015 1148 4098 quidquod
1164 4035 1227 4080 nou
1241 4025 1394 4100 oporteat,
1410 4015 1541 4080 etiamsi
1556 4015 1637 4080 licet.
1652 4039 1668 4075 n
1686 4049 1724 4061 -
1738 4015 1828 4080 blodo

982 4112 1157 4178 membrum
1171 4114 1318 4179 orationis
1335 4115 1406 4178 ioco
1422 4113 1610 4179 nominativi.
1631 4113 1729 4194 idem,
1747 4113 1826 4181 Phil.

981 4210 1048 4288 ΙΙΙΙ,
1067 4231 1096 4276 c.
1122 4217 1152 4291 Ι,
1175 4217 1194 4275 3
1218 4230 1227 4275 r
1253 4236 1269 4273 r
1289 4212 1420 4276 Irritara'
1435 4216 1477 4291 (T)
1492 4212 1655 4275 Antoniam
1668 4230 1730 4275 non
1743 4231 1830 4293 opor·

981 4311 1081 4374 tait.»
1100 4310 1213 4390 Plaut,
1228 4311 1313 4375 blilit.
1328 4317 1388 4374 act.
1410 4310 1452 4389 ΙΙ,
1468 4330 1511 4376 sc.
1529 4313 1561 4390 o,
1580 4330 1610 4374 r.
1624 4315 1677 4391 80,
1692 4309 1828 4375 dativum

981 4408 1067 4472 dedit
1080 4408 1153 4473 huic
1167 4409 1258 4474 verbo
1272 4432 1281 4474 r

1168 4593 1280 4613 .....
1297 4561 1412 4626 itemque
1426 4559 1528 4613 bomini
1540 4573 1629 4613 serros
1642 4573 1703 4614 suos

1044 4639 1262 4693 Domitosbubera
1272 4645 1375 4706 oportet
1386 4639 1477 4692 oeulos
1490 4647 1517 4693 et
1529 4653 1631 4693 marus.

982 4776 1042 4838 Aut
1061 4774 1219 4857 ἀρχαϊσμδς
1239 4782 1298 4854 cst,
1319 4781 1373 4840 out
1393 4775 1538 4840 bominem
1564 4797 1682 4840 seruam
1708 4775 1828 4858 scripsit

983 4873 1109 4938 Plautus
1123 4877 1177 4954 (3).
1259 4965 1265 4976 ·

1016 5132 1049 5196 (ΙΙ
1068 5132 1194 5198 Lemaire,
1203 5134 1344 5187 Teubner:
1358 5135 1504 5202 oportebat.
1519 5135 1579 5200 Alit,
1588 5149 1619 5189 or
1630 5135 1765 5201 qulbusil.
1775 5135 1831 5188 Ste-

985 5213 1085 5278 pbauus
1098 5225 1105 5264 :
1120 5215 1284 5281 oportebant.

1013 5296 1050 5362 (2)
1066 5297 1177 5350 Orelttus
1190 5305 1218 5351 et
1228 5299 1348 5352 Teubner
1358 5312 1366 5352 ε
1376 5299 1526 5366 irritatum
1535 5300 1654 5365 d'Oltvet,
1665 5297 1830 5362 ballemand,

983 5376 1083 5429 Ernesti
1095 5391 1102 5430 ι
1112 5378 1229 5431 irritari.

1016 5457 1048 5522 (3(
1067 5457 1183 5511 Lemaire
1196 5467 1223 5512 et
1235 5459 1374 5512 Teubner:
1388 5459 1517 5512 bominum
1532 5473 1647 5513 secam.

1653 5621 1693 5683 36
