4656 6156
485 529 564 610 234
1047 558 1092 610 ns
1111 558 1397 612 consrnucrrons
1417 559 1679 612 rurnausrrrva.

485 708 549 754 non
572 690 667 754 modo
688 688 853 771 presedit,
874 689 930 752 sed
954 689 1048 753 etiam
1071 690 1210 773 sequitur
1232 689 1336 754 relati·
1391 698 1423 757 et
1443 693 1631 757 antecedens
1652 689 1771 774 aliqud
1793 689 2017 771 interponatur,
2032 693 2068 750 ut
2083 709 2092 750 z
2108 685 2236 762 mmm

487 806 560 851 rum
565 803 576 868 3
588 787 650 852 boe
662 795 766 851 umen
785 787 864 850 inter
883 788 968 870 prius
981 795 1013 852 et
1026 789 1177 871 posterius
1197 789 1334 870 interest,
1390 791 1479 856 Plato
1498 792 1613 854 muron
1632 789 1692 853 ruit
1710 787 1926 870 peritissimus,
1945 804 2016 850 sum
2033 784 2100 868 ipse
2117 785 2237 867 penitus

486 888 573 971 quod
593 885 671 950 illud
692 905 822 950 numero
844 895 878 950 et
899 905 1013 968 genere
1034 905 1106 951 oum
1120 888 1248 952 relativo
1262 906 1337 952 con·
1391 891 1526 971 ignarus.
1550 888 1658 967 Ombos
1673 906 1801 970 operam
1818 887 1875 949 das
1891 884 2057 966 dmplinia
2074 883 2237 965 diligentis·

486 984 594 1065 sentit3
609 984 671 1048 boc
689 1003 776 1062 vero,
795 1002 921 1066 genere,
941 1003 1075 1050 numero
1095 991 1127 1049 et
1147 1005 1233 1050 casn.
1255 986 1337 1050 Ρω-
1392 987 1481 1068 sime,
1494 987 1671 1052 iratertuus
1682 1004 1740 1069 pro
1753 985 1852 1049 nihilo
1864 983 1962 1047 ducit.

484 1091 570 1149 teres
590 1084 762 1166 hecquem
779 1083 944 1167 saepissime
962 1085 1130 1165 omittitur3
1148 1084 1226 1148 illud
1238 1085 1336 1149 rarius
1431 1085 1662 1168 Nonnunquam
1675 1083 1708 1146 in
1720 1084 1782 1146 boc
1794 1081 1942 1165 loquendi
1950 1099 2065 1162 genere
2077 1078 2237 1143 verborum

483 1189 578 1265 atqm
604 1201 642 1246 ea
669 1182 753 1263 lege,
780 1188 817 1246 ut
842 1182 973 1247 alterum
1001 1183 1175 1249 necessario
1200 1190 1334 1248 maneat.
1391 1184 1469 1250 ordo
1481 1183 1692 1267 perturbatur,
1706 1189 1801 1266 atque
1822 1181 1859 1244 lit
1877 1180 1975 1246 oratio
1994 1179 2111 1244 danim.
2124 1178 2237 1243 Ponam

484 1281 591 1345 dicero
604 1278 646 1343 ad
658 1285 738 1359 att,
752 1279 775 1342 l.
789 1278 871 1358 lllll,
895 1299 946 1364 ep.
966 1283 1048 1359 tul
1066 1300 1076 1345 ε
1096 1281 1174 1345 odd
1187 1281 1336 1345 marem
1393 1302 1490 1347 unum
1513 1283 1705 1366 exemplum,
1730 1300 1794 1364 quo
1818 1298 1868 1344 res
1891 1279 1947 1342 liat
1970 1277 2091 1361 planior
2113 1296 2124 1340 :
2149 1276 2237 1356 uro,

483 1376 827 1462 qummisiepistolarn,
842 1379 1104 1461 ejusexemplnm
1117 1379 1336 1461 iugitmetum
1392 1401 1481 1464 wrm
1502 1381 1603 1444 urben
1625 1386 1739 1458 sutuo,
1761 1384 1862 1443 vestra
1882 1383 1945 1456 θείς
1969 1377 2067 1442 oratio
2087 1381 2135 1440 est
2152 1376 2238 1458 pleru

482 1476 539 1541 tibi
552 1475 684 1540 mittere.
700 1497 716 1535 r
733 1473 813 1540 Nam
828 1476 920 1557 plena
939 1477 1039 1564 oratio
1059 1483 1107 1540 est
1126 1476 1336 1559 :Exemplum
1392 1486 1486 1562 atque
1496 1481 1594 1560 justa3
1609 1477 1699 1543 auier
1718 1477 1923 1552 antecedens,
1936 1475 2023 1558 quod
2036 1474 2124 1557 praeit
2141 1474 2239 1538 relati·

483 1575 552 1655 ejus
566 1573 717 1657 epistole,
740 1594 830 1658 quom
847 1576 1001 1658 epistolum
1025 1575 1094 1639 misi
1114 1576 1153 1638 ad
1174 1575 1334 1654 Cesarm
1392 1596 1480 1653 vum,
1494 1577 1538 1642 aie
1553 1595 1563 1641 ε
1580 1578 1674 1654 Qumn
1686 1575 1790 1639 urben
1802 1581 1917 1653 statuo,
1931 1580 2033 1638 vestra
2045 1580 2112 1652 est,
2125 1573 2238 1656 perele-

483 1673 564 1755 lugit
576 1692 628 1737 me
642 1679 709 1736 tum
720 1672 776 1736 tibi
789 1674 924 1738 mittere.
938 1673 1053 1753 Livius,
1065 1675 1086 1736 l.
1101 1673 1203 1738 xxlx
1209 1722 1220 1755 ,
1232 1693 1262 1738 e.
1276 1677 1313 1737 31
1326 1692 1335 1737 τ
1393 1683 1502 1757 genter
1516 1694 1550 1739 cs
1561 1677 1696 1739 locutus.
1712 1674 1834 1738 Inverte
1846 1672 1940 1737 verba
1954 1672 2019 1736 sio:
2035 1672 2144 1736 umen
2154 1692 2237 1754 μω

488 1772 610 1849 «Quen
629 1778 776 1854 ceperant
796 1774 904 1836 exules
923 1772 1225 1852 montembellum
1240 1790 1337 1855 aquo-
1392 1780 1506 1853 statum,
1522 1779 1622 1836 vestra
1638 1779 1699 1854 est3
1714 1772 1809 1854 paulo
1821 1770 1931 1834 durius
1943 1771 2067 1835 locutus
2080 1790 2132 1848 es,
2149 1769 2239 1833 latine

483 1889 599 1954 susque
613 1870 792 1935 estnluste
804 1870 903 1934 oratio
911 1877 979 1935 est:
994 1869 1097 1948 Mons,
1112 1881 1336 1954 quemmontem
1393 1880 1509 1936 tamen.
1537 1872 1644 1954 ltaque
1665 1872 1698 1934 in
1720 1871 1779 1934 beo
1800 1875 1832 1934 et
1853 1869 2005 1933 similibus
2026 1869 2238 1946 locutionibus,

484 1977 631 2052 ceperant
642 1970 763 2049 exules,
775 1969 922 2034 herbidus
937 1988 1135 2053 aquosusque
1148 1976 1204 2033 est.
1394 1989 1457 2035 non
1471 1970 1597 2052 ponitur
1610 1988 1701 2035 casus
1714 1987 1770 2052 pro
1784 1987 1872 2046 casu,
1886 1968 1942 2032 sed
1956 1969 2117 2034 invertitur
2126 1973 2241 2050 pertur-

524 2068 632 2134 Potest
643 2075 675 2132 et
686 2087 743 2151 per
756 2067 966 2151 interrogandi
980 2074 1012 2132 et
1023 2067 1117 2132 dandi
1131 2087 1221 2132 casus
1238 2085 1337 2149 genus
1362 2043 1367 2200 Ι
1392 2069 1543 2152 baturque
1557 2069 1721 2133 verborum
1733 2067 1822 2132 ordo.
1843 2065 1906 2130 Sed
1926 2067 1966 2131 de
1985 2067 2034 2132 bis
2053 2067 2086 2130 in
2103 2066 2241 2148 logmata

484 2166 546 2232 boc
556 2167 680 2232 dicendi
698 2167 813 2246 efferri,
834 2166 878 2231 ita
898 2175 1002 2232 umen
1022 2173 1057 2231 ut
1075 2166 1156 2230 inter
1175 2165 1336 2230 relativum
1363 2201 1368 2227 t
1393 2165 1639 2232 constructione.

538 2393 631 2475 232.
662 2392 822 2491 Quodsi
844 2392 1042 2474 interduo
1064 2392 1304 2474 substantiva
1324 2400 1505 2501 ponatur,
1530 2418 1621 2475 oum
1643 2392 1831 2474 alterutro
1852 2391 2071 2475 consentire
2086 2393 2237 2500 poterit,

485 2513 654 2608 etiamsi
674 2516 842 2600 alterum
857 2517 1060 2627 proprium
1084 2518 1149 2598 sit.

538 2641 856 2746 Sallust.,Calil.,
869 2669 906 2724 o.
920 2643 970 2722 55
982 2673 1022 2723 z«
1034 2644 1103 2724 Est
1116 2643 1224 2724 locus
1238 2643 1281 2724 in
1297 2670 1454 2725 carcere
1472 2643 1576 2752 quod
1585 2644 1814 2726 Tullianum
1828 2642 2065 2750 appellatur.
2082 2677 2105 2720 u
2118 2644 2239 2746 Curt,

485 2763 514 2851 i.
531 2769 595 2872 lll,
611 2796 647 2872 o,
664 2769 705 2870 8,
725 2768 772 2848 13
791 2799 801 2848 ε
824 2767 997 2848 «Darius
1017 2766 1169 2849 adeum
1195 2769 1336 2869 locum,
1351 2797 1464 2876 quem
1481 2769 1693 2853 Amanicas
1705 2770 1820 2878 Pylas
1837 2775 1995 2870 vocant,
2012 2769 2206 2878 pervenit.
2217 2802 2238 2844 a

525 3008 688 3093 Pnoprium
707 3005 932 3072 substantivum
952 3026 1015 3072 non
1035 3005 1116 3091 rapit
1133 3007 1173 3072 ad
1186 3027 1221 3072 se
1232 3007 1337 3074 relati·
1393 3009 1602 3094 quoePbceton
1611 3009 2245 3090 dicitur.nLirius,l.XXllVl‚c.30:«ller·

485 3105 744 3191 tum,utqnidam
758 3107 953 3171 arbitrantur.
965 3105 1086 3185 Cicero,
1096 3105 1137 3171 de
1148 3105 1219 3171 Nat.
1229 3107 1338 3185 lleor„
1394 3109 1457 3173 culi
1469 3109 1655 3174 sacrificium
1664 3107 1780 3173 iecitin
1794 3109 1857 3172 loco
1869 3129 1955 3192 maen
1966 3111 2095 3194 Pprcrn,
2109 3111 2195 3195 quod
2205 3110 2246 3174 ibi

486 3207 509 3271 l.
524 3207 598 3287 ll,o.
614 3208 666 3287 20,
683 3208 723 3272 52
738 3223 748 3271 ε
763 3204 894 3289 Propius
905 3225 925 3270 a
937 3211 1019 3271 terra
1029 3203 1113 3270 lovis
1129 3204 1217 3270 stello
1229 3205 1336 3286 lemur,
1394 3207 1526 3271 mortale
1537 3225 1649 3292 corpus
1662 3205 1789 3287 eiusdei
1802 3207 1843 3271 sit
1854 3215 2038 3290 crematum,
2047 3209 2243 3293 appellant.»

1192 3395 1456 3472 APPENDIX
1487 3397 1535 3468 11.

542 3566 633 3651 233.
665 3566 849 3666 wantos,
860 3565 986 3672 quult's
998 3572 1038 3646 et
1052 3573 1191 3647 caetera
1204 3564 1243 3646 id
1254 3592 1377 3674 genus
1390 3563 1566 3666 nomina,
1575 3589 1666 3646 cum
1678 3565 1843 3648 relativa
1853 3567 1969 3669 fiunt,
1985 3592 2065 3648 non
2080 3592 2171 3648 cnm
2183 3593 2250 3647 an·

490 3693 707 3790 incedente,
723 3691 790 3773 sed
805 3716 897 3773 oum
908 3700 1173 3795 consequente
1187 3691 1444 3792 substantium
1462 3715 1622 3799 genere,
1639 3715 1806 3774 numero
1825 3700 1866 3774 et
1879 3719 1971 3775 casu
1985 3691 2247 3774 consentiunt.

543 3817 676 3902 Cicero
699 3817 747 3897 ad
778 3813 973 3916 Cassium,
999 3815 1159 3917 Famil,
1185 3816 1214 3896 l.
1241 3817 1324 3918 Xll,
1351 3843 1415 3925 ep.
1444 3817 1485 3916 7,
1515 3817 1565 3896 l:
1593 3847 1615 3889 n
1637 3816 1722 3897 Dixi
1748 3817 1796 3899 de
1817 3823 1857 3899 le
1878 3844 1966 3923 quae
1988 3817 2115 3925 potui,
2142 3823 2251 3898 tanta

489 3943 755 4043 contentione,
778 3953 966 4050 wantum
984 3947 1121 4045 sorum
1140 3948 1212 4023 est.
1232 3973 1255 4016 u
1272 3942 1379 4022 ldem
1398 3941 1440 4021 in
1460 3943 1599 4041 Bruto,
1616 3968 1652 4023 c.
1669 3943 1735 4043 27,
1756 3942 1829 4022 103
1849 3974 1858 4022 :
1882 3943 2080 4025 «Utinam
2100 3940 2141 4021 in
2160 3940 2247 4022 Tib.

490 4069 663 4152 Graccho
674 4067 843 4173 Gaioque
858 4066 1035 4150 Carbone
1050 4065 1137 4147 talis
1152 4092 1263 4149 mene
1276 4063 1324 4146 ad
1336 4065 1621 4171 rempublicam
1636 4065 1738 4148 benc
1752 4066 1966 4175 gerendam
1980 4067 2127 4169 luisset,
2139 4069 2251 4174 quote

488 4198 688 4303 eqourum
703 4192 750 4274 ad
766 4193 866 4275 bene
880 4191 1092 4274 dicendum
1106 4191 1199 4273 initi
1214 4225 1236 4269 n

531 4438 647 4510 liccem
674 4450 842 4526 suntque
875 4441 1004 4506 matius
1031 4440 1188 4506 undenus
1215 4447 1342 4522 coeant,
1401 4448 1565 4525 syntaxeos
1591 4439 1789 4524 cognition03
1820 4441 2024 4505 substantiam
2050 4448 2085 4505 et
2108 4440 2252 4506 accidens

491 4551 629 4628 pedatu,
649 4540 759 4624 quus,
777 4549 860 4623 quot,
882 4547 997 4624 petru,
1022 4540 1153 4623 quoteni,
1173 4541 1344 4624 quotuplex,
1400 4541 1576 4623 relinquant
1593 4540 1772 4606 dialecticis.
1791 4541 1856 4604 Aut
1873 4547 1958 4604 certe
1972 4558 2035 4604 uno
2048 4540 2144 4606 verbo
2157 4539 2253 4623 expli·

491 4641 663 4726 quotuplex,
692 4639 856 4723 quotennia,
885 4637 981 4722 cnjus,
1009 4639 1091 4724 cuju,
1113 4639 1224 4721 cajet,
1248 4638 1343 4721 opos,
1402 4646 1512 4703 centur
1525 4657 1535 4704 ε
1549 4638 1727 4704 substantie
1745 4639 1850 4705 vocari
1868 4639 2005 4718 relativa,
2026 4640 2113 4722 quod
2126 4639 2252 4705 nomina

492 4755 638 4824 qnorum,
659 4737 799 4823 exeeptis
817 4737 924 4821 primis
942 4733 1077 4817 duobus,
1098 4737 1177 4816 lere,
1199 4737 1286 4821 quod
1305 4736 1346 4800 ad
1402 4737 1591 4802 substantiva
1611 4737 1762 4818 reierant3
1782 4737 1948 4802 accidentia
1960 4757 2051 4818 vero,
2071 4738 2158 4821 quod
2171 4739 2254 4821 adje-

491 4857 561 4903 rem
574 4837 703 4916 attinet,
725 4837 831 4900 nullus
843 4842 892 4900 est
904 4854 989 4900 usus.
1005 4835 1105 4911 Quare
1117 4841 1193 4919 puto
1204 4835 1272 4900 beo
1284 4835 1346 4900 dis·
1402 4837 1495 4902 ctira

492 4935 745 5002 simulandaesse
758 4953 768 5000 ε
782 4953 933 5019 quorsum
951 4935 1037 4999 enim
1056 4935 1159 5000 miseri
1177 4934 1266 5017 pueri
1279 4934 1345 5000 sine
1442 4937 1580 5011 Quatuor
1592 4935 1656 5008 ills,
1667 4937 1760 5015 ulter,
1773 4936 1864 5014 utor,
1875 4936 2019 5020 retaqauo,
2032 4944 2156 5016 aetna,
2171 4945 2255 5001 ωτι·

494 5053 587 5100 eausa
599 5033 836 5099 muciabunturl
848 5033 953 5098 Nolim
970 5033 1022 5097 hic
1036 5033 1167 5097 nimium
1179 5033 1346 5097 sollicitum
1402 5055 1484 5113 ram,
1505 5054 1576 5118 qum
1595 5034 1778 5098 deomant
1799 5035 1930 5098 relativo
1948 5034 2077 5118 quidam
2088 5034 2253 5118 appellant,

494 5140 719 5217 preceptorem
739 5134 780 5198 de
801 5133 1024 5198 vocabulorum
1044 5133 1179 5208 ratione,
1202 5150 1258 5197 cur
1279 5132 1347 5196 hnc
1403 5134 1454 5197 alii
1466 5151 1539 5197 vero
1552 5130 1585 5196 in
1598 5132 1746 5215 par-titiris
1758 5132 1935 5197 nominibus
1946 5133 2165 5212 adnumerant,
2177 5135 2257 5214 ejus·

496 5231 656 5296 condentia
664 5253 677 5313 ‚·
689 5232 753 5312 illa,
770 5233 810 5299 de
822 5233 935 5318 quibus
947 5251 1041 5316 snpra
1053 5231 1199 5308 diximus,
1213 5231 1348 5294 subton-
1403 5232 1476 5295 dem
1489 5238 1562 5294 eunt
1573 5231 1691 5313 ingenii
1703 5251 1713 5295 ε
1726 5249 1800 5296 nam
1809 5231 1953 5312 neglecto
1966 5233 2173 5297 antecedente
2184 5251 2257 5298 oon·

498 5332 871 5415 trorocentur3nisirero
886 5333 981 5396 eliam
995 5329 1164 5412 Cetegoriae
1176 5329 1349 5396 Aristotelis
1403 5348 1538 5414 ecquem
1556 5331 1798 5414 amplectuntur,
1819 5336 1856 5394 ut
1877 5349 1886 5394 :
1908 5331 2003 5395 Pueri
2024 5332 2152 5414 ingenui
2173 5351 2258 5398 rere·

496 5429 558 5495 sint
569 5431 769 5515 explicando.
782 5430 851 5496 Sint
863 5431 968 5514 itaque
984 5429 1122 5494 contenti
1136 5427 1350 5495 adolementee
1373 5475 1378 5508 ,
1405 5427 1860 5512 monumentorumque
1871 5429 1967 5494 animi
1978 5439 2168 5495 monento.
