4654 6156
780 425 1016 478 consrnucrro
1036 426 1214 477 nnvsnau.
1692 449 1694 452 -
1727 459 1729 466 Α
1796 398 1868 476 371

176 555 323 656 Cicero,
344 557 472 655 Fam,
496 557 523 634 l.
548 557 633 656 XV,
654 584 717 663 cp.
736 558 778 657 4,
797 561 819 634 7
840 589 848 635 :
872 589 893 630 «
915 558 1034 650 Quam
1050 563 1167 662 potui
1185 562 1366 636 mucimzls
1386 557 1588 638 itineribus
1606 557 1654 636 ad
1675 560 1874 638 Amanum
2010 653 2013 664 ¹

117 680 333 760 exercitum
344 679 449 759 duri.
467 713 488 755 u
508 680 629 780 ldem,
646 681 694 761 de
706 682 794 761 Nat.
814 682 940 782 deon,
955 682 984 760 l.
996 684 1041 780 ll,
1057 708 1092 761 c.
1111 681 1176 780 52,
1195 681 1296 762 129:
1318 715 1339 754 c
1354 679 1487 790 (Aves)
1503 683 1613 779 nidos
1626 671 1870 782 construunt,

117 830 261 910 eosque
275 832 391 911 petum
400 817 564 910 poscunt
578 808 797 885 molluome
809 808 1074 886 substernunt.
1090 839 1111 881 »

860 1145 1013 1240 QUAM
1052 1145 1120 1225 UT

169 1389 290 1476 &eum
304 1396 349 1462 ut
360 1345 559 1492 eleganter
574 1384 836 1490 comparativa
849 1385 1032 1490 sequitur.

167 1508 314 1606 Cicero,
337 1508 384 1590 de
404 1508 528 1607 Orat,
546 1511 573 1588 l.
591 1511 654 1608 lll,
671 1535 706 1589 c.
726 1509 764 1608 6,
784 1509 833 1587 22
854 1539 862 1584 :
886 1539 907 1580 o
927 1509 1010 1587 Hoc
1033 1533 1187 1611 quoquc
1206 1506 1353 1586 videtur
1375 1529 1457 1584 esse
1479 1507 1609 1605 alteas,
1633 1533 1749 1612 quam
1770 1519 1814 1584 ut
1833 1507 1871 1584 id

113 1659 182 1712 nos
197 1631 308 1712 humi
325 1632 428 1712 strati
443 1633 634 1738 suspicere
649 1633 851 1739 possimus.
867 1664 888 1706 »

751 1979 904 2074 QUAM
938 2004 1010 2082 pro
1047 1976 1229 2055 VALDE

163 2212 299 2306 mmm,
315 2233 384 2311 pro
398 2209 530 2307 valde,
546 2206 791 2313 superlativis
802 2206 1091 2313 elegantissime
1106 2204 1345 2312 adjungitur.

164 2331 311 2430 Cicero,
324 2333 453 2431 Fam,
470 2332 498 2410 l.
521 2334 620 2431 Xlll,
635 2357 697 2438 ep.
718 2333 759 2431 6,
777 2333 799 2410 5
819 2364 827 2410 :
852 2362 873 2405 «
885 2333 1149 2412 Vehementer
1169 2337 1206 2410 te
1225 2355 1317 2437 rogo
1334 2337 1377 2408 ut
1397 2354 1520 2429 cures,
1542 2336 1585 2407 ut
1607 2355 1651 2408 ex
1669 2327 1741 2410 hac
1756 2330 1870 2410 com-

107 2456 357 2537 mendatione
375 2455 471 2535 milri
489 2457 654 2562 Cuspius
672 2484 787 2563 quum
805 2461 1012 2555 macomus,
1030 2454 1349 2560 quamprimum,
1369 2481 1484 2560 quum
1501 2458 1713 2559 scepe'em'me
1728 2455 1870 2561 gratias

105 2588 209 2687 agat.
228 2613 249 2653 »

824 2796 940 2874 TAM
976 2789 1143 2890 QUAM

157 2953 252 3032 406.
287 2953 382 3035 Tam
407 2962 446 3034 et
476 2981 593 3060 quom
619 2953 780 3059 positiva
808 2951 1139 3057 frequentissime,
1171 2951 1405 3057 superlativa
1434 2951 1574 3051 rarius,
1606 2952 1868 3057 comparativa

108 3077 304 3159 rarissime
324 3079 525 3185 copulant.
550 3078 697 3180 Cicero,
723 3079 764 3158 in
786 3080 910 3176 Orat,
930 3103 965 3156 c.
985 3076 1051 3175 30,
1072 3075 1145 3153 108
1165 3107 1174 3154 ε
1197 3108 1218 3150 «
1236 3077 1358 3155 Nemo
1374 3083 1501 3154 orator
1514 3088 1595 3155 tam
1608 3078 1743 3176 multu,
1762 3102 1811 3157 ne
1825 3076 1866 3156 in

101 3229 228 3311 graeco
248 3203 405 3308 quidem
425 3205 504 3284 otio
528 3205 694 3310 scripsit,
718 3230 834 3310 quum
852 3204 973 3281 multu
987 3209 1078 3281 sunt
1092 3210 1235 3282 nostra.
1252 3234 1273 3276 »
1293 3201 1511 3300 Sallustius,
1526 3201 1575 3306 ‚in
1594 3205 1700 3310 lug,
1725 3229 1759 3282 c.
1784 3203 1827 3281 31
1853 3236 1861 3282 :

106 3361 128 3401 a
143 3328 265 3420 chum
287 3328 448 3434 quisque
462 3356 643 3434 pessume
663 3329 769 3427 lecit,
794 3341 875 3408 tum
893 3331 1062 3418 manime
1080 3333 1186 3406 tutus
1198 3333 1268 3407 est.
1286 3358 1308 3399 »
1325 3325 1541 3424 Terentius,
1559 3327 1699 3407 Heaut.
1719 3336 1793 3407 act.
1813 3329 1861 3428 V,

100 3451 418 3544 sc.3,v.1000:

506 3647 646 3666 .....
672 3602 813 3684 Namque
828 3581 1006 3664 adolescens
1017 3619 1106 3683 mom
1118 3602 1150 3662 in
1165 3601 1288 3663 minimo
1300 3619 1355 3682 spe
1367 3601 1443 3664 situs
1457 3601 1523 3680 erit,

507 3699 582 3762 Tam
595 3700 741 3782 facillime
754 3700 849 3781 patris
862 3717 970 3782 pacem
985 3699 1016 3761 in
1030 3700 1115 3780 leges
1128 3698 1271 3762 conficiet
1281 3716 1362 3762 suas.

101 3850 250 3951 tlicero,
268 3877 338 3957 pro
353 3855 498 3959 Deiot,
516 3881 551 3934 c.
572 3829 611 3954 3,
630 3855 677 3933 8:
702 3857 805 3934 «Per
819 3855 1012 3934 dexteram
1028 3861 1066 3934 tc
1080 3853 1194 3934 istam
1206 3879 1285 3954 oro,
1299 3881 1415 3958 quarn
1431 3851 1512 3962 regi
1527 3855 1706 3962 Dejotaro
1721 3855 1859 3962 hospes

99 3974 243 4080 hospiti
263 3976 484 4081 porrexisti3
505 3976 632 4079 istam,
660 3979 835 4084 inquam,
860 3980 1059 4059 dexteram
1082 4004 1159 4058 non
1183 3991 1261 4058 tam
1284 3978 1326 4058 in
1349 3978 1462 4060 bellis
1485 4004 1611 4083 neque
1635 3979 1675 4058 in
1701 3980 1855 4085 praeliis,

96 4125 215 4204 patum
227 4099 268 4178 in
285 4101 481 4206 promissis
495 4111 532 4182 et
545 4102 621 4184 fide
634 4105 867 4207 firmacrem.
884 4135 905 4178 >›

150 4222 313 4303 Ponitur
326 4222 523 4306 interdum
545 4239 625 4306 tum
648 4227 852 4332 separatim
874 4253 963 4307 cum
985 4226 1229 4334 superlativo.
1255 4227 1399 4329 Cicero,
1421 4229 1489 4309 Xll
1510 4227 1630 4327 Phil,
1653 4254 1687 4307 c.
1714 4229 1754 4328 5,
1782 4231 1820 4306 ll
1844 4263 1853 4308 :

101 4377 122 4418 a
144 4348 327 4427 Nondum
349 4357 430 4430 erat
451 4350 584 4431 vestris
609 4363 690 4431 tum
712 4357 969 4458 processimus,
1002 4359 1157 4458 tamque
1187 4352 1321 4432 multis
1346 4351 1522 4457 judiciis,
1554 4350 1855 4459 ignominiisque

94 4494 288 4551 concrsus.
306 4505 327 4546 »

134 4665 300 4744 consulto,
317 4688 387 4751 quae
409 4688 477 4732 rara
498 4678 586 4750 sunt,
610 4673 880 4754 praetermittimus.
899 4673 947 4736 li-
1005 4673 1157 4754 agricolis.
1173 4694 1188 4731 u
1210 4672 1342 4748 Curtius,
1355 4671 1377 4734 l.
1391 4671 1441 4748 tv,
1460 4691 1488 4733 c.
1506 4673 1571 4746 θλ
1589 4690 1597 4733 :
1615 4671 1789 4753 «Perquom
1811 4673 1852 4748 (Ξ)

90 4763 172 4840 vius,
191 4763 214 4827 l.
235 4764 300 4844 XL,
323 4785 352 4830 c.
372 4770 407 4830 21
429 4787 438 4830 ε
466 4790 481 4828 o
499 4769 763 4850 perdiffieittinmm
788 4771 906 4835 aditum
926 4793 942 4831 u
1004 4771 1134 4832 munima
1147 4774 1251 4851 posset
1265 4768 1402 4833 exercitu
1416 4774 1563 4832 coacto.»

91 4860 180 4923 dixit.
203 4861 335 4941 Plinius,
357 4865 378 4926 1,
400 4864 439 4944 11,
460 4885 489 4929 ρ,
505 4869 556 4942 55,
572 4870 591 4929 3
605 4887 614 4930 :
633 4891 649 4928 a
666 4869 888 4950 perplurimum
902 4873 945 4949 (l)
1046 4867 1151 4945 Quam,
1167 4885 1240 4930 cum
1253 4865 1413 4928 affectibus
1426 4866 1528 4941 servit,
1543 4865 1646 4946 potius
1661 4864 1748 4927 valde
1761 4883 1853 4946 quam

90 4957 197 5020 refert.
225 4959 420 5042 »Columel.,
440 4964 463 5025 l.
482 4963 536 5042 lll,
552 4984 580 5027 c.
597 4969 657 5029 20:
673 4990 688 5026 a
706 4967 947 5048 Perpauctsstmia
1004 4975 1144 5046 quantam
1165 4964 1286 5027 videtur
1304 4963 1493 5045 significare;
1516 4963 1599 5026 unde
1618 4961 1743 5044 quidam
1763 4961 1854 5039 hujus

132 5253 158 5316 t)
177 5251 214 5304 lta
229 5253 422 5320 ltalecemptu23
433 5256 550 5309 Lemmre
561 5265 589 5310 et
602 5257 723 5311 tcubucr
737 5273 744 5310 :
760 5259 913 5324 plurimum.
1035 5259 1072 5323 (2)
1087 5258 1125 5309 lta
1138 5258 1322 5322 edit.Varior.;
1335 5258 1462 5321 Lemaire,
1472 5257 1593 5310 teubuer
1606 5269 1612 5308 :
1627 5269 1708 5322 quam
1725 5255 1854 5306 maimo.
