4630 6164
474 543 551 620 354
990 568 1226 619 cousraucrro
1246 565 1456 619 rurusrrrvu
1476 567 1703 620 rnouoururs.

526 701 659 782 Cicero
684 701 728 780 in
751 701 881 800 Verr.,
907 707 985 779 act.
1010 702 1056 800 ll,
1081 700 1108 778 l.
1134 703 1164 800 l,
1186 727 1222 780 c.
1246 701 1311 799 48,
1339 702 1413 780 126
1432 732 1441 779 :
1463 733 1484 774 «
1506 701 1646 781 Aiebat
1652 762 1732 779 .....
1759 702 1883 780 multa
1909 703 1984 782 sibi
2008 728 2103 809 opus
2123 732 2205 804 csse,

478 828 600 907 multa
616 826 782 906 canibus
796 829 890 903 sues.
905 856 927 897 »
946 824 1067 922 ldcm,
1084 825 1130 904 de
1145 824 1270 922 Orat,
1287 826 1314 903 Ι.
1334 827 1380 924 ll,
1396 851 1431 904 c.
1450 824 1516 924 40,
1537 825 1611 903 168
1630 856 1639 903 :
1662 856 1682 897 a
1695 825 1735 904 Si
1748 830 1849 927 fere
1874 835 2008 931 partus
2026 854 2111 906 suos
2129 830 2208 908 dili-

478 960 590 1058 guut‚
611 977 687 1056 qua
705 976 775 1029 nos
789 949 830 1027 in
847 948 988 1028 liberos
1001 956 1151 1027 nostros
1165 947 1411 1055 indulgentia
1424 974 1506 1028 esse
1520 947 1765 1028 debemus‘?»

513 1179 632 1241 Utimur
644 1179 736 1241 etiam
753 1197 831 1255 suas,
851 1197 924 1241 cum
948 1177 1069 1241 additur
1085 1179 1161 1241 alter
1179 1177 1322 1260 obliquus
1379 1181 1431 1238 tur
1454 1194 1568 1239 nomen
1588 1177 1787 1278 adjeptivum‚
1809 1178 2002 1260 participium
2018 1187 2070 1243 aut
2085 1183 2207 1261 verbum,

472 1277 567 1341 tertiae
591 1295 743 1359 personae,
766 1277 805 1339 ad
827 1295 921 1358 quem
938 1275 1072 1338 retertur
1089 1275 1250 1357 possessio,
1265 1282 1318 1338 ut:
1378 1274 1418 1336 ad
1432 1292 1502 1355 quar
1515 1273 1666 1338 referatur
1679 1275 1840 1356 possessio,
1856 1282 1915 1338 ut:
1931 1277 2035 1339 luveni
2049 1279 2149 1340 leonem
2163 1280 2208 1342 ira-

473 1375 650 1437 Pereussisti
663 1376 748 1436 illum
764 1375 865 1455 gladio
877 1393 947 1452 saco;
964 1373 1150 1454 Relinquam
1165 1372 1323 1453 tepentibus
1380 1376 1445 1432 tum
1459 1373 1500 1434 ob
1519 1372 1660 1434 amissam
1681 1373 1816 1455 praedam
1839 1393 1941 1450 παυς
1960 1374 2055 1439 Video
2073 1377 2207 1437 coloratum

469 1470 620 1550 judicium
643 1492 726 1534 suum
737 1493 750 1550 ,·
766 1472 833 1534 Vidi
859 1472 1031 1553 Pompeium
1054 1470 1215 1552 spoliatum
1235 1488 1323 1533 orna·
1379 1470 1495 1531 tristem
1509 1469 1540 1531 in
1550 1470 1687 1550 periculo
1701 1491 1822 1532 suorum
1836 1471 1991 1552 pullorum
1997 1491 2007 1551 ;
2024 1473 2124 1536 Sentio
2135 1474 2209 1535 lomi·

477 1570 588 1632 mentis
599 1571 679 1648 sum·
697 1571 897 1634 Percontatus
914 1588 983 1633 sum
998 1570 1083 1631 illum
1095 1568 1133 1630 de
1147 1586 1241 1648 regno
1253 1588 1323 1646 srw;
1379 1586 1445 1628 nem
1459 1567 1670 1630 ambulantem
1683 1587 1738 1648 per
1749 1569 1877 1631 domum
1886 1589 1987 1645 suam;
2002 1569 2071 1632 Scio
2082 1572 2158 1633 illam
2169 1571 2209 1633 do

478 1669 641 1732 dllocutus
654 1688 722 1731 sum
741 1669 889 1732 Caesarem
908 1673 978 1731 aute
998 1667 1125 1731 domum
1140 1686 1232 1728 mom.
1250 1667 1323 1747 Cepi
1380 1666 1442 1727 lere
1454 1664 1613 1727 lortuuam
1627 1685 1722 1730 mam.

478 1767 637 1829 columbam
651 1786 723 1830 cum
734 1767 825 1848 pullis
837 1768 907 1844 suis,
920 1766 951 1829 in
963 1765 1036 1829 nido
1049 1785 1110 1842 suo,
1121 1771 1216 1841 extra,
1228 1783 1323 1846 prope
1420 1762 1451 1824 Si
1463 1769 1566 1824 tamen
1575 1765 1672 1825 oratio
1685 1762 1777 1826 luerit
1785 1764 1940 1845 ambigua,
1950 1765 2035 1846 quod
2045 1765 2080 1827 lit
2088 1773 2208 1828 cumbas

476 1865 583 1928 nidum
605 1884 701 1925 suum.
723 1863 796 1944 Cepi
820 1865 923 1944 lupam
947 1870 978 1925 et
1000 1864 1118 1925 catulos
1136 1862 1198 1944 ejus
1227 1881 1235 1924 :
1261 1880 1324 1925 nou
1380 1867 1451 1922 suut
1469 1877 1620 1942 personae,
1636 1868 1669 1922 et
1685 1861 1837 1942 possessio
1850 1862 1889 1924 ad
1907 1863 2046 1925 secundo
2066 1864 2129 1926 loco
2144 1865 2209 1945 posi-

476 1981 551 2039 suos,
570 1962 642 2043 quia
661 1961 822 2024 intercedit
836 1961 1024 2042 conjunctio.
1039 1960 1156 2037 Cicero,
1170 1960 1201 2021 in
1216 1961 1322 2022 Somn.
1380 1965 1444 2020 tam
1466 1957 1610 2035 retertur,
1633 1965 1709 2020 tunc
1735 1965 1859 2021 utemur
1882 1959 2023 2038 genitivis
2044 1960 2113 2041 ejus,
2134 1962 2209 2037 itlius,

472 2059 569 2140 Scip,
587 2078 618 2122 c.
635 2065 665 2136 l,
682 2063 697 2118 l
719 2083 725 2122 :
750 2083 765 2118 u
790 2059 856 2140 Ego
869 2060 955 2148 ¹illam
968 2060 1007 2120 de
1024 2077 1074 2120 arco
1085 2076 1194 2137 regno,
1207 2057 1258 2119 ille
1273 2075 1323 2119 me
1381 2056 1481 2135 ipsius,
1497 2063 1556 2118 ut:
1580 2055 1697 2138 Vulpes
1710 2057 1794 2138 cepit
1804 2059 1950 2138 pollinam
1968 2075 2039 2119 cum
2055 2056 2207 2140 pullisque.

473 2157 513 2218 de
526 2161 628 2219 nostra
647 2156 803 2237 republica
824 2163 1022 2237 percontatus
1039 2160 1123 2217 est.»
1149 2153 1322 2230 Terentius,
1382 2153 1413 2215 Si
1423 2171 1493 2215 vere
1507 2153 1660 2235 possessio
1672 2154 1824 2218 referatur
1836 2155 1877 2218 ad
1889 2155 1990 2236 primo
2003 2155 2072 2218 loco
2086 2155 2206 2236 positam,

474 2254 606 2334 Adelph.
621 2260 683 2315 act.
698 2254 736 2331 V,
754 2273 797 2316 sc.
815 2257 845 2331 8,
859 2272 889 2314 v.
904 2256 964 2316 962
982 2275 990 2315 ι
1380 2271 1448 2313 aare
1462 2251 1613 2315 utendum
1628 2252 1695 2329 erit,
1709 2261 1744 2315 ut
1762 2271 1771 2314 ε
1789 2253 1867 2315 Deus
1879 2260 1982 2315 tuetur
1994 2252 2143 2316 hominem
2155 2271 2209 2333 pro

1381 2353 1450 2431 pter
1461 2349 1658 2412 clementiam
1671 2371 1765 2414 suam.

1421 2446 1577 2509 luveuitur
1595 2447 1754 2509 interdum
1768 2467 1835 2508 suus
1852 2464 1909 2528 pro
1929 2449 2002 2528 qus,
2024 2449 2120 2529 apum,
2134 2448 2208 2510 itlius.

473 2545 590 2621 Cicero,
607 2546 685 2620 att,
702 2545 723 2606 l.
740 2544 794 2621 Vl,
814 2564 863 2626 ep.
885 2547 915 2620 2,
938 2550 956 2606 7
975 2568 981 2607 :
1004 2567 1018 2602 a
1040 2543 1100 2606 Sed
1114 2551 1144 2605 et
1163 2549 1229 2604 tum
1249 2561 1324 2624 prae-
1383 2545 1499 2620 Cicero,
1517 2544 1596 2606 Pbil.
1610 2545 1661 2622 lV,
1676 2565 1705 2608 c.
1716 2551 1746 2620 2,
1762 2548 1806 2608 l:
1826 2567 1841 2606 a
1857 2545 1945 2618 Quod
1957 2551 2062 2609 autem
2075 2552 2134 2609 erat
2146 2563 2209 2626 pre·

472 2661 555 2720 sens,
578 2647 609 2704 et
631 2649 738 2725 postea
757 2643 948 2706 creberrimis
962 2643 1056 2705 literis
1074 2659 1137 2705 non
1155 2641 1256 2703 destiti
1275 2660 1325 2704 ro
1382 2641 1494 2704 sidium
1510 2641 1615 2704 salutis
1627 2642 1838 2725 libertatisque
1852 2648 1973 2722 vestrae,
1996 2644 2021 2706 si
2043 2643 2076 2706 C.
2096 2641 2209 2718 Castris,

472 2757 554 2820 gare,
566 2745 597 2802 et
606 2747 711 2821 petere
722 2759 791 2804 mea
805 2759 908 2811 causa,
920 2739 1050 2801 suadere
1060 2747 1090 2800 et
1099 2739 1212 2800 hortari
1221 2758 1321 2816 sua‚·r›
1382 2738 1616 2801 fortissimorum
1626 2741 1674 2800 sui
1683 2739 1777 2822 patris
1787 2739 1917 2802 militum
1929 2741 2080 2804 exercitus
2088 2759 2144 2804 nou
2152 2739 2210 2801 luis

473 2837 525 2900 ubi
537 2839 621 2900 illum
635 2838 684 2902 vel
693 2857 755 2899 eum
768 2837 960 2916 subauditur,
969 2838 1009 2899 ad
1019 2837 1103 2919 quod
1114 2834 1246 2899 refertur
1256 2854 1326 2918 pos·
1383 2839 1450 2898 sett
1469 2857 1484 2895 u
1509 2835 1607 2917 ldcm,
1622 2837 1700 2915 att,
1726 2839 1747 2900 l.
1763 2837 1813 2913 lV,
1829 2857 1877 2919 ep.
1893 2842 1946 2915 l8,
1968 2841 1987 2898 ἓ
2010 2857 2018 2901 :
2041 2837 2210 2900 «Memmius

472 2935 576 2997 sessio.
592 2935 775 2997 Laurentius
798 2935 855 3013 (lle
876 2935 985 3016 recipr.
1000 2933 1056 2996 Sui
1068 2939 1099 2996 et
1111 2932 1200 3013 Sura,
1214 2953 1243 2997 c.
1259 2936 1279 2995 l
1294 2941 1325 2997 et
1383 2933 1562 2996 candidatus
1587 2935 1762 3015 pactionem
1785 2935 1816 2997 in
1838 2941 1945 2998 senatu
1971 2937 2113 3012 recitavit,
2133 2951 2210 3016 quam

474 3036 574 3113 seqq.)
589 3032 635 3094 bis
659 3032 738 3094 locis
756 3032 858 3113 potius
877 3033 951 3114 ejus,
970 3032 1167 3113 illicentiatus
1184 3031 1325 3110 dixisset,
1383 3032 1449 3113 ipse
1465 3036 1497 3094 et
1510 3051 1580 3093 saus
1611 3034 1795 3115 competitor
1806 3033 1956 3097 Domitius
1972 3053 2044 3096 cruu
2057 3032 2211 3096 consulibus

475 3130 606 3192 maxime
619 3128 673 3191 ubi
696 3129 891 3193 intercedunt
908 3129 1148 3212 prepositiones,
1162 3129 1220 3192 uisi
1233 3129 1327 3192 adda·
1383 3128 1515 3196 lecisset.
1531 3155 1546 3192 ι

566 2405 618 2456 Suo
632 2406 682 2457 sibi
693 2405 761 2456 bunc
775 2406 860 2470 gladto
871 2403 971 2472 jugulo.

527 3374 576 3452 Et
599 3373 817 3455 accedente
839 3375 960 3455 altero
980 3375 1111 3474 verbo,
1134 3383 1177 3453 ut
1202 3405 1210 3452 :
1234 3373 1361 3455 Timet
1382 3375 1587 3481 Pompeius
1604 3402 1653 3456 ne
1670 3381 1783 3455 acuas
1803 3375 1998 3456 veteranis
2017 3376 2208 3454 msermru.

478 3499 600 3605 Rogat
615 3507 650 3578 tc
670 3500 794 3578 Caesar
805 3508 848 3578 ut
860 3526 949 3578 suas
963 3508 1093 3604 partes
1106 3503 1291 3603 sequaces.

1210 3777 1487 3850 APPENDlX.

531 3942 686 4023 Utimur
701 3951 884 4046 praetcrea
899 3941 1095 4048 reciproco
1107 3946 1207 4022 Suus
1221 3971 1308 4024 cum
1324 3970 1385 4025 res
1405 3971 1574 4050 possessa
1588 3945 1628 4029 in
1644 3971 1902 4051 possessorem
1917 3947 2068 4025 transit.

532 4066 686 4165 Cicero,
705 4069 802 4166 Ati,
820 4067 847 4145 l.
866 4068 930 4166 lX,
947 4093 1009 4172 ep.
1032 4067 1092 4168 12,
1112 4067 1135 4146 2
1152 4099 1161 4146 ε
1180 4100 1200 4142 «
1213 4069 1331 4148 [llum
1345 4069 1588 4150 ulciscentur
1602 4094 1729 4150 mores
1745 4073 1819 4150 aui.
1836 4103 1857 4143 »
1873 4071 1996 4170 ldcm,
2014 4070 2060 4152 de
2074 4073 2215 4172 Arusp,

477 4217 513 4270 c.
533 4191 571 4287 5,
590 4193 613 4269 8
634 4221 643 4268 :
668 4222 689 4264 «
710 4191 789 4268 Suu
808 4190 942 4270 concio
963 4189 1046 4270 risit
1064 4193 1270 4272 bcmzbem.
1295 4225 1316 4267 »
1340 4194 1461 4294 ldem,
1485 4220 1554 4299 pro
1575 4194 1692 4294 Sest.‚
1716 4220 1751 4274 c.
1778 4194 1843 4294 68,
1871 4196 1945 4276 142
1970 4227 1978 4275 :
2001 4226 2023 4268 «
2043 4194 2150 4276 Hunc
2165 4191 2219 4268 sui

478 4314 583 4394 cives
613 4338 635 4393 e
664 4313 816 4394 civitate
839 4316 1054 4421 ejecerunt.
1076 4347 1098 4390 »
1120 4317 1239 4418 ldem,
1264 4320 1365 4416 Art,
1390 4319 1418 4396 l.
1443 4320 1492 4418 X,
1524 4344 1586 4424 ep.
1614 4320 1677 4414 ll,
1700 4319 1723 4398 3
1744 4349 1752 4396 :
1776 4319 1977 4399 «ludulsit
1999 4317 2215 4424 aliquidem

476 4467 571 4516 suus
586 4445 696 4544 paler
710 4464 875 4543 semper.
894 4472 914 4514 »

521 4667 597 4729 Cum
607 4686 675 4729 sura
686 4672 732 4730 ast
743 4667 980 4744 substantivum,
996 4685 1087 4732 nemo
1100 4669 1165 4734 lere
1181 4672 1249 4734 loco
1262 4671 1329 4750 ejus
1355 4679 1359 4751 Ι
1386 4671 1504 4734 salvum
1514 4670 1755 4733 esselleutessur‘
1761 4669 2001 4751 respondissent,
2013 4670 2213 4751 rogantem.»

482 4763 577 4825 utitur
587 4763 727 4844 genitivis
744 4765 837 4841 illita,
854 4766 956 4845 epuns,
973 4767 1045 4848 ejas,
1059 4773 1096 4830 ut
1109 4787 1118 4830 ε
1132 4767 1243 4850 Reperi
1255 4785 1328 4832 eum
1386 4767 1463 4830 ltem
1484 4786 1556 4830 cum
1578 4766 1702 4848 ponitur
1720 4784 1776 4848 pro
1790 4768 1945 4848 proprias,
1972 4775 2007 4829 ut
2029 4787 2038 4831 ε
2065 4767 2107 4831 lle
2121 4766 2173 4828 bac
2189 4777 2216 4824 re

481 4879 553 4923 cum
573 4862 645 4940 sair,
664 4861 727 4926 slve
742 4864 908 4925 intersum.
928 4862 1045 4944 Cicero,
1064 4865 1103 4928 de
1116 4865 1229 4944 Finis,
1242 4867 1263 4930 l.
1283 4865 1339 4942 ll,
1388 4864 1512 4927 dixisuo
1526 4865 1613 4945 loco;
1635 4863 1778 4928 Referam
1791 4864 1857 4927 baec
1871 4864 1975 4927 curnis
1989 4865 2049 4926 suas
2062 4863 2140 4929 locis.

481 4977 509 5020 c.
525 4959 578 5038 30,
595 4960 657 5022 9¹1:
675 4958 843 5032 «Quesivit
854 4961 993 5025 salvusne
1005 4971 1084 5025 esset
1098 4963 1224 5044 clypeus
1230 4981 1241 5044 ;
1257 4981 1329 5027 cum
