4708 6166
459 562 508 638 28
1053 591 1096 642 nn
1117 590 1308 642 vannonuu
1328 590 1602 643 consummana.

457 737 614 800 agnoscas.
630 718 674 782 Ex
692 718 830 801 plurimis
846 720 994 783 nonnulla
1008 722 1149 804 exempla
1167 720 1308 800 subjicie-
1363 727 1411 784 tes
1421 722 1516 801 viros;
1527 719 1659 784 Diodoto
1667 720 1741 802 quid
1752 717 1862 782 luciam
1876 719 1985 797 stoico,
1992 737 2085 802 quem
2096 737 2217 800 apuero

458 835 538 880 mus.

498 915 575 993 biv„
590 915 611 978 l.
626 916 677 992 Vl,
698 934 727 978 c.
745 920 807 979 lt:
826 915 928 980 «Tum
949 936 1036 995 vero,
1054 917 1164 1000 inquit,
1182 917 1310 1000 nequic-

458 1033 553 1097 quam
571 1014 629 1076 hac
653 1014 760 1076 dextra
783 1012 965 1097 Capitolium
991 1035 1155 1099 arcemque
1172 1033 1309 1078 servave-

458 1112 527 1189 rim,
546 1112 570 1175 si
592 1112 689 1174 civem
705 1111 1007 1196 commilitonemque
1030 1121 1308 1196 mann1,tanquam

459 1209 551 1273 Gallis
562 1209 728 1273 victoribus
741 1216 878 1291 captum,
892 1210 923 1272 in
941 1211 1118 1284 servitutem
1136 1232 1173 1275 ac
1188 1211 1310 1274 vincula

459 1306 530 1370 duci
556 1307 723 1370 videam.»
754 1306 890 1386 Terent,
913 1309 1023 1390 llecyr.
1049 1317 1109 1373 act.
1133 1310 1186 1388 lll,
1212 1329 1255 1372 sc.
1275 1310 1309 1386 l,

459 1425 488 1467 v.
502 1408 581 1469 aad:

876 1569 993 1636 Denique
1003 1545 1091 1623 hercle
1102 1571 1247 1635 aulhgerim

519 1647 613 1701 Potius
623 1663 701 1713 quam
718 1649 832 1710 redeam,
841 1649 864 1700 si
875 1663 906 1701 so
917 1653 952 1701 ml
960 1651 1122 1702 redeundum
1132 1651 1221 1702 sclam.

457 1803 582 1877 Quintil.
600 1802 623 1865 l.
638 1801 678 1876 Χ,
692 1821 722 1864 c.
737 1805 769 1877 l,
784 1804 854 1879 lot,
869 1802 909 1865 de
922 1801 1129 1866 Demosthene
1145 1821 1154 1864 ι
1172 1803 1239 1865 «Et
1249 1801 1310 1865 lor-

457 1910 535 1964 tasse
557 1900 693 1982 epilogos
712 1899 754 1961 illi
779 1917 846 1962 mos
863 1899 992 1962 civitatis
1011 1900 1185 1980 abstulerit3
1205 1899 1261 1962 sed
1281 1905 1313 1961 et

458 1997 547 2061 uobis
560 1998 612 2060 illa
624 2017 693 2078 quoe
707 1995 797 2059 Attici
808 1997 957 2059 mirantur
966 1998 1084 2060 diversa
1098 1997 1182 2060 latini
1196 2016 1312 2060 sermo·

459 2095 505 2158 nis
522 2095 598 2158 ratio
611 2093 712 2158 minus
731 2095 938 2176 permiserit.»
956 2094 990 2157 ln
1005 2095 1128 2173 eodem,
1145 2099 1223 2158 105:
1239 2093 1312 2158 «Ci-

460 2212 604 2256 ceronem
618 2191 803 2274 cuicumque
816 2211 924 2256 eorum
941 2192 1060 2257 fortiter
1072 2193 1278 2274 opposuerim.
1292 2213 1308 2249 ι

1365 819 1517 882 audivit»
1544 818 1629 881 ldem
1646 817 1685 880 ad
1703 816 1811 895 Attio,
1825 818 1846 879 l.
1863 815 1917 894 ΙΧ,
1931 837 1982 899 ep.
1999 821 2049 894 10,
2066 819 2104 878 5:
2125 815 2217 896 «Ego

1365 916 1490 1000 quidem
1509 916 1564 979 tihi
1582 934 1646 979 non
1666 916 1723 978 sim
1744 921 1862 994 auctor,
1879 917 1904 978 si
1917 914 2082 996 Pompeius
2100 913 2217 976 ltaliam

1366 1015 1521 1097 relinquit,
1544 1022 1577 1077 te
1598 1033 1722 1096 quoque
1745 1013 1952 1095 profugere.»
1981 1013 2100 1076 Portius
2117 1012 2217 1087 Latro,

1367 1114 1502 1177 Declam.
1522 1115 1553 1175 in
1573 1113 1748 1189 Catilinam,
1765 1131 1794 1176 c.
1809 1115 1829 1173 9
1844 1132 1852 1175 :
1870 1113 2012 1176 «Verum
2038 1131 2075 1174 ca
2097 1109 2218 1173 dicendi

1368 1211 1506 1292 voluptas
1527 1210 1601 1272 olim
1622 1210 1841 1291 sapientissimo
1858 1210 1923 1273 viro
1945 1211 1984 1272 ll.
2000 1209 2105 1273 Catoni
2128 1208 2218 1290 plane

1367 1308 1540 1389 contigerit,
1552 1327 1675 1372 necnon
1687 1315 1720 1372 et
1734 1308 2055 1372 Galbae....uobiscum
2069 1325 2141 1370 vcro
2150 1325 2219 1368 scu-

1368 1407 1463 1470 tentia
1478 1415 1579 1469 nostra
1593 1406 1671 1469 bene
1685 1418 1838 1487 ageretur,
1853 1414 1913 1470 etc.
1927 1429 1942 1466 n

1408 1505 2158 1587 Quaecumitasint,mirumuoneat,sialiipluras,
2169 1503 2219 1566 alii

1368 1604 1527 1686 pauciores
1535 1605 1645 1667 modos
1657 1609 1838 1666 statuerunt.
1854 1603 2024 1681 Quintil.,l.
2042 1603 2104 1676 l,c.
2120 1605 2151 1679 5,
2165 1605 2218 1678 dl,

1368 1702 1410 1765 ait
1418 1703 1568 1783 quosdam
1578 1702 1726 1779 sex,alios
1736 1711 1807 1765 octo
1820 1701 1945 1765 secisse:
1960 1703 2018 1765 ald
2030 1722 2085 1785 per·
2097 1719 2221 1777 ornnes,

1368 1799 1479 1883 inquit,
1503 1801 1646 1864 orationis
1664 1805 1765 1881 partes
1788 1801 2058 1882 deprehendimus,
2076 1801 2221 1882 trequen-

1368 1898 1483 1960 tissime
1494 1899 1525 1960 in
1539 1898 1644 1975 verbo,
1656 1899 1727 1980 quia
1741 1899 1871 1979 plurima
1885 1899 1957 1962 huic
1969 1899 2123 1962 accidunt.
2138 1897 2221 1960 ldeo

1370 1997 1482 2079 quein
1504 2015 1542 2059 eo
1562 1997 1641 2058 liunt
1658 1996 1818 2058 soloecismi
1844 2015 1899 2077 per
1924 2015 2046 2077 genera,
2068 2005 2219 2078 tempora,

1369 2113 1525 2176 personas,
1542 2095 1662 2172 modos,
1679 2095 1740 2157 sive
1755 2095 1806 2156 cui
1819 2101 1915 2157 status
1930 2114 1982 2158 eos
1996 2095 2054 2158 dici
2072 2113 2127 2158 seu
2144 2114 2221 2177 qua-

1369 2192 1469 2256 litates
1489 2193 1601 2275 placet,
1620 2194 1669 2255 vel
1686 2212 1754 2270 sex,
1768 2195 1829 2268 vel,
1847 2200 1881 2257 ut
1898 2194 1948 2255 alii
1962 2194 2081 2271 volunt,
2101 2200 2184 2257 octo.
2200 2215 2216 2251 ι

461 2290 832 2372 mpmummm

521 2486 635 2503 .....
655 2451 688 2501 Aa
695 2458 724 2501 tu
733 2448 819 2511 dictis,
830 2449 938 2511 Albaue,
947 2461 1075 2502 maneres.

1370 2291 1425 2353 llic
1445 2291 1542 2355 obiter
1559 2291 1679 2354 notabis
1696 2291 1806 2368 modos,
1826 2299 1892 2354 tum
1907 2300 2012 2369 status,
2035 2303 2102 2355 tum
2124 2293 2221 2374 quoli-

1370 2399 1444 2452 totes
1470 2409 1488 2453 a
1515 2390 1670 2453 nonnullis
1696 2389 1788 2452 luisse
1822 2391 2002 2472 appellatos,
2030 2391 2221 2472 modumque

1368 2487 1469 2568 ipsum
1490 2488 1670 2550 attributum
1692 2506 1758 2550 csse
1773 2488 1869 2565 verbi,
1888 2496 1932 2565 et,
1946 2496 1981 2551 ut
1997 2489 2131 2570 apertius
2147 2507 2221 2552 cum

1369 2586 1554 2660 Quintiliano
1562 2586 1682 2668 loquar,
1688 2587 1816 2650 modum
1824 2587 1919 2650 verbo
1932 2587 2079 2664 accidere,
2094 2586 2126 2648 id
2136 2587 2221 2670 quod

1368 2685 1554 2748 recentiores
1567 2684 1696 2766 quidam
1721 2702 1843 2765 prorsus
1869 2693 1994 2766 negant.
2013 2686 2119 2763 Varro,
2141 2686 2162 2747 l.
2177 2685 2219 2763 Χ,

1370 2786 1420 2861 3l,
1437 2783 1547 2846 modos
1560 2783 1722 2846 verborum
1740 2783 1846 2864 species
1867 2784 2000 2866 appellat
2023 2803 2032 2846 ε
2062 2807 2078 2845 ι
2097 2784 2220 2862 Quinta,

1368 2881 1478 2963 inquit,
1504 2881 1608 2962 species
1633 2881 1777 2963 optandi,
1801 2889 1837 2944 ut
1863 2899 1871 2943 :
1900 2881 2039 2960 dicerem,
2068 2883 2221 2963 sacerna,

1369 2978 1480 3056 dicam,
1500 2980 1622 3060 sao'om.
1651 2979 1745 3042 Sexta
1770 2979 1950 3061 imperandi,
1978 2987 2013 3044 ut
2034 2999 2114 3063 cape,
2135 3001 2220 3062 rope,

1369 3078 1480 3160 cupito,
1506 3078 1617 3160 ropito.
1638 3100 1653 3135 n
1676 3077 1860 3156 Diomedes,
1887 3078 1910 3140 l.
1934 3079 1958 3156 l,
1979 3099 2011 3161 p.
2034 3081 2105 3158 398,
2128 3079 2222 3142 docet

1369 3177 1518 3259 quosdam
1551 3195 1605 3239 sex
1615 3222 1627 3254 ,
1653 3175 1729 3239 alios
1762 3183 1900 3259 septem,
1936 3178 2101 3242 nonnullos
2127 3185 2220 3255 octo,

1369 3275 1519 3357 quosdam
1542 3293 1664 3353 novem,
1689 3275 1764 3340 alios
1785 3275 1920 3359 deniquo
1938 3276 2047 3340 decem
2069 3277 2222 3354 statuisse,

1369 3392 1503 3455 quorum
1530 3373 1764 3456 appellationes,
1792 3393 1831 3437 ue
1858 3374 1979 3456 longior
2002 3375 2073 3453 sim,
2098 3382 2223 3458 praetcr-

499 3464 575 3544 Cio,
589 3466 676 3531 Prior
688 3466 798 3545 head,
810 3468 833 3532 l.
847 3467 885 3547 ll,
901 3488 930 3532 c.
945 3471 998 3548 36,
1009 3472 1091 3535 llb:
1110 3469 1312 3552 «Age,resti-
1369 3472 1475 3552 mitto;
1494 3472 1519 3535 si
1542 3480 1642 3550 vacat,
1668 3472 1850 3536 Diomedem
1871 3473 1977 3554 legito.
1989 3473 2053 3538 Nos
2071 3473 2222 3556 quinque,

458 3570 525 3627 tero
537 3562 758 3646 Peripateticis,
772 3566 826 3648 qui
846 3566 903 3630 sibi
920 3586 992 3631 cum
1011 3568 1183 3632 oratoribus
1200 3588 1313 3650 cogna-
1369 3588 1464 3649 quem
1477 3588 1652 3649 numerum,
1665 3575 1701 3634 ut
1718 3571 1801 3633 idem
1819 3570 1911 3634 eliam
1928 3579 2034 3635 auctor
2048 3572 2115 3646 erit,
2132 3572 2225 3654 pleri·

459 3661 575 3723 donem
586 3679 664 3740 esse,
680 3663 734 3745 qui
752 3663 851 3728 claros
864 3664 976 3730 virosa
989 3685 1022 3730 sc
1035 3667 1196 3730 instructos
1209 3667 1313 3730 dicant
1370 3686 1431 3750 que
1448 3669 1581 3750 amplexi
1598 3675 1680 3747 sunt,
1696 3669 1798 3750 pueris
1810 3669 1989 3734 ediscendos
2003 3688 2223 3751 proponemus,

459 3755 693 3840 Rempublicnm
711 3780 792 3844 saepe
806 3760 935 3842 rexisse3
951 3764 1126 3828 sustinuero
1145 3765 1313 3848 Epicureos
1370 3765 1401 3828 in
1422 3766 1543 3830 scholiis
1563 3774 1666 3831 umen
1688 3767 1764 3830 nihil
1782 3786 1890 3833 eorum
1904 3767 2131 3851 praetermissuri
2151 3787 2223 3852 quae

460 3860 507 3919 tot
517 3873 604 3921 meos
616 3855 791 3938 tamaius,
800 3866 864 3924 tam
874 3861 984 3940 bonos,
997 3867 1063 3926 tam
1076 3863 1154 3927 inter
1166 3883 1199 3928 se
1208 3881 1313 3927 aman·
1370 3864 1410 3927 ad
1423 3883 1489 3930 rem
1504 3863 1607 3930 lacere
1620 3865 1815 3930 videbuntur.

457 2600 554 2679 ldem,
567 2600 652 2678 ibid,
668 2600 720 2678 lV,
735 2620 765 2664 v.
777 2605 837 2666 603
854 2620 863 2664 :

519 2759 612 2811 Verum
623 2774 719 2824 auceps
733 2775 825 2826 pugnae
838 2761 923 2813 lucrm
935 2761 1053 2827 lortuua3
1067 2763 1169 2815 luisset.

520 2843 601 2903 Quem
615 2842 696 2892 rnatul
709 2842 854 2894 moriurrat
868 2841 939 2894 laces
953 2841 979 2894 in
993 2849 1077 2895 casm
1091 2845 1219 2906 tudssem,

519 2918 721 2986 lmplessemque
733 2921 805 2973 loros
817 2922 926 2973 bamma
936 2960 944 2986 ,
956 2929 1100 2988 natumque
1113 2931 1264 2988 patremque

520 3001 584 3053 Cum
594 3013 690 3066 genere
702 3001 844 3065 cntionem,
858 3010 954 3054 memet
963 3017 1042 3068 snper
1053 3003 1110 3068 lpsa
1123 3004 1264 3055 dedissem.

458 3153 844 3234 amomumm:

520 3316 574 3367 llac
586 3315 696 3378 'l'rojana
709 3316 984 3370 tenustucrltlortuna
999 3327 1098 3372 secum

1101 4131 1172 4209 DE
1209 4130 1577 4214 TEMPDRlBUS.

513 4318 572 4388 26.
598 4327 749 4410 Tempora
763 4327 819 4392 tria
832 4334 905 4392 suut
925 4348 933 4390 :
951 4349 1083 4412 prosena
1103 4331 1166 4394 sive
1188 4333 1313 4411 irutoas,
1372 4345 1421 4408 riti
1441 4345 1570 4428 perlecti
1590 4354 1644 4409 aut
1665 4345 1853 4430 imperiecti3
1868 4367 1937 4430 quae
1954 4345 2046 4412 etiam
2066 4367 2123 4415 suo
2146 4355 2225 4413 tem-

459 4429 661 4510 proeteritum,
672 4432 822 4512 saturam.
841 4431 979 4494 Proeseas
997 4432 1109 4496 dicitur
1127 4452 1199 4497 cum
1213 4434 1315 4498 adhuc
1373 4463 1448 4526 pore
1472 4443 1661 4525 indigebant,
1684 4445 1769 4528 quod
1793 4446 1948 4529 plusquam
1970 4450 2135 4530 perfectam
2162 4449 2225 4512 sive

463 4527 579 4609 aliquid
591 4529 728 4610 agimus3
738 4529 1020 4612 preteritum,cum
1030 4550 1121 4612 agere
1133 4531 1298 4596 desivimus
1303 4551 1313 4612 3
1373 4542 1498 4605 ulterius
1509 4551 1652 4622 vocatur3
1667 4550 1703 4605 ut
1717 4561 1726 4606 ε
1739 4545 1802 4625 jem
1816 4546 1990 4627 aaronem
2002 4565 2074 4608 cum
2087 4553 2121 4610 tu
2132 4548 2227 4628 scrip-

463 4626 613 4706 salamim,
623 4645 696 4690 curn
709 4634 833 4691 acturos
841 4645 898 4692 nos
906 4627 1099 4709 pollicemur.
1113 4630 1225 4693 Verum
1239 4650 1316 4714 quo·
1374 4640 1449 4704 sisti.
1464 4642 1532 4715 Quo
1545 4647 1684 4723 tempore
1705 4647 1738 4705 tu
1761 4642 1926 4719 scribebas,
1937 4645 2002 4725 jam
2015 4664 2073 4725 ego
2098 4646 2227 4728 scripse·

464 4722 547 4786 niam
561 4743 642 4807 saepe
655 4725 690 4787 lit
712 4732 747 4789 ut
763 4745 832 4808 quar
845 4744 935 4807 agere
949 4727 1125 4806 desivimus,
1140 4729 1250 4811 partim
1270 4730 1316 4792 in·
1374 4758 1451 4801 ram.
1467 4737 1545 4818 Cic,
1557 4739 1644 4803 Fam.
1649 4787 1659 4818 ,
1672 4740 1696 4803 l.
1710 4739 1791 4819 Vlll,
1803 4760 1853 4824 ep.
1867 4746 1902 4819 6,
1917 4745 1936 4804 5
1952 4763 1960 4806 :
1981 4767 1995 4803 c
2010 4741 2075 4806 lloo
2087 4745 2226 4807 nondum

465 4819 585 4899 cboata,
613 4822 722 4904 purtim
747 4822 888 4904 perlecta
913 4825 1132 4909 relinquamus,
1156 4844 1235 4909 opus
1260 4827 1319 4891 luit
1374 4838 1499 4918 suerat,
1523 4855 1595 4900 cum
1616 4838 1748 4919 priorem
1769 4847 1889 4920 partem
1913 4839 2048 4921 epistola
2073 4841 2222 4922 scripsi.»

465 4918 587 4982 duobus
606 4921 807 5002 temporibus,
830 4928 866 4985 ut
889 4922 985 4986 altero
1007 4923 1196 5004 inchoatam,
1222 4927 1318 4990 altero
1375 4932 1499 5012 Sanco,
1524 4935 1546 4998 l.
1569 4933 1620 5014 lll,
1649 4936 1781 4999 declam.
1796 4940 1841 5000 l:
1864 4936 2034 5000 «Servavit
2050 4958 2111 5016 me,
2131 4957 2227 5020 quem

466 5035 539 5080 vero
563 5015 732 5097 perlectam
764 5018 918 5084 actionem
954 5020 1207 5104 significaremus;
1236 5024 1318 5088 nude
1376 5050 1456 5113 saepe
1476 5051 1706 5096 moveram.»
1724 5033 1785 5096 Cic.
1806 5034 1844 5096 ad
1868 5035 1975 5112 Attio,
1998 5034 2226 5118 l.v111,ep.u‚

466 5112 543 5176 illud
548 5115 738 5194 praeteritum
753 5117 977 5200 imperfectam·
991 5117 1062 5198 hoc,
1073 5123 1241 5203 perfectum
1254 5142 1318 5188 mc·
1376 5130 1396 5190 l
1413 5146 1421 5190 τ
1439 5150 1454 5188 a
1468 5128 1546 5192 Cum
1559 5130 1625 5194 haec
1636 5131 1816 5211 scribebam,
1832 5133 1996 5216 Pompeius
2007 5135 2071 5214 jam
2086 5133 2229 5198 Brundu-

467 5211 526 5275 rito
551 5213 738 5294 appellatum
759 5223 819 5296 est,
834 5223 869 5280 ut
889 5235 898 5280 ι
921 5217 1091 5298 εει-ίὺιὸιιιιι,
1108 5221 1223 5304 aci-ipsi.
1240 5222 1319 5286 Sunt
1376 5225 1455 5288 sium
1471 5229 1588 5292 venisse
1597 5239 1759 5310 poterat.»

466 5315 614 5392 praeterea
638 5315 785 5377 nonnulla
803 5317 868 5396 jam
883 5317 1011 5399 quidem
1037 5319 1175 5382 absoluta
1197 5326 1229 5382 et
1249 5340 1319 5402 per-
1418 5323 1523 5405 Varro,
1547 5326 1569 5389 l.
1593 5326 1648 5404 lll,
1676 5331 1727 5407 99,
1752 5335 1785 5392 et
1808 5329 1830 5390 l.
1864 5327 1907 5407 Χ,
1939 5333 1991 5408 33,
2013 5333 2064 5409 la,
2086 5329 2227 5394 futurum

468 5409 559 5488 fecta,
574 5429 637 5476 non
656 5413 834 5498 simpliciter
852 5422 967 5495 umen,
981 5417 1045 5501 sed,
1055 5424 1196 5500 respectu
1212 5425 1319 5503 praete·
1377 5421 1408 5484 in
1439 5423 1579 5505 infectam
1612 5426 1666 5505 (sic
1702 5427 1785 5490 enim
1809 5428 1889 5491 solet
1917 5427 1970 5493 ille
2008 5428 2226 5511 imperfectum
