4678 6162
780 525 823 578 ue
845 524 966 577 vesus
986 520 1156 574 suemus.

93 666 204 762 ltem,
222 663 312 741 AEn.
329 662 392 759 ΙΙΙ,
407 687 444 738 v.
463 661 562 738 710:

708 863 848 880 .....
871 815 927 879 llio
940 833 1004 894 me,
1019 818 1107 900 pater
1118 812 1244 898 optime,
1259 812 1374 878 sessum

489 914 619 993 Deseris,
632 914 710 977 heu!
728 914 820 978 tantis
833 914 1039 998 nequicquam
1050 917 1154 995 erepte
1163 911 1296 995 penalia.

95 1072 215 1167 idem,
234 1075 325 1152 AEu.
344 1071 409 1169 ΧΙ,
426 1097 463 1148 v.
484 1071 581 1148 118:

497 1247 580 1308 Vieet
593 1245 644 1310 eui
657 1246 749 1311 uitam
763 1245 857 1323 lleua,
870 1252 922 1309 aut
936 1264 992 1310 sua
1003 1244 1111 1308 dextra
1122 1242 1268 1308 dedisset.

95 1401 216 1500 ldeul,
236 1401 326 1480 AEu.
349 1400 410 1498 lV,
430 1425 464 1476 i.
483 1397 586 1477 605:

772 1602 911 1618 .....
934 1553 1109 1638 Natumque
1120 1563 1303 1638 patremque

493 1653 571 1716 Cum
586 1672 700 1734 genere
710 1654 878 1730 eatiaaon,
889 1658 1005 1717 memet
1017 1671 1109 1736 super
1120 1653 1186 1736 ipsa
1197 1651 1361 1716 dedissem.

691 1957 935 2038 APOCOPE
990 1964 1248 2061 (mosomi).

151 2193 242 2272 560.
274 2195 445 2296 llpoeope
466 2188 535 2268 lini
556 2187 737 2270 dictionis
755 2186 901 2294 aliquid
920 2186 1102 2287 detrahit,
1120 2193 1163 2266 ut
1181 2191 1317 2291 tuquri
1336 2212 1405 2291 pro
1424 2191 1584 2292 aequae,
1606 2199 1655 2267 etz
1674 2213 1742 2294 pro
1765 2191 1844 2268 otii.

98 2317 297 2428 Virgilius
316 2316 450 2423 Eclog.
467 2317 497 2414 l,
514 2341 550 2393 v.
569 2314 620 2394 69
638 2345 647 2393 ε

496 2489 641 2572 Pauperis
655 2495 687 2555 et
699 2491 805 2572 laquei
816 2496 997 2571 congestum
1011 2489 1126 2572 cespite
1137 2491 1274 2553 culmen.
1434 2483 1435 2488 ’

99 2646 218 2744 idem,
237 2645 375 2751 Georg.
395 2644 460 2742 lV,
478 2669 514 2720 v.
533 2642 610 2722 563
629 2675 637 2720 :

499 2817 554 2882 luo
567 2816 726 2900 virgilium
739 2828 939 2901 meempors
953 2817 1161 2882 aucensem
1191 2783 1194 2789 “

496 2913 701 2999 Parthenope,
712 2915 822 2980 studiis
831 2915 992 2980 florentem
1007 2907 1149 2996 ignobilis
1161 2915 1215 2978 oti.

658 3219 981 3303 ANTlTHESlS
1036 3229 1293 3324 (immissam).

154 3453 244 3532 iilil.
283 3453 489 3532 Antithesis
511 3461 566 3532 est
593 3451 714 3533 literae
740 3451 1012 3553 commutatio,
1039 3460 1081 3533 ul
1105 3454 1176 3532 olli
1199 3477 1267 3558 pro
1294 3452 1369 3529 alli.
1397 3447 1601 3558 Virgilius,
1626 3449 1778 3533 AEueid.
1805 3453 1850 3551 l',

100 3603 138 3653 v.
172 3578 250 3656 lu:

506 3717 569 3782 Olli
581 3719 732 3784 oaeauleus
742 3737 834 3803 supra
847 3727 940 3802 eaput
952 3719 1048 3784 ostitit
1060 3719 1168 3784 imber.

647 4022 996 4103 llElATHliSlS
1056 4033 1313 4126 (uouemus).

157 4249 249 4328 562.
281 4249 500 4331 Metolheez's
519 4258 577 4331 est
593 4251 789 4332 literemm
808 4253 901 4333 ordo
919 4252 1161 4352 immutatus,
1178 4262 1221 4333 ut
1246 4251 1433 4356 Thymbre
1448 4276 1515 4356 pro
1540 4251 1740 4359 Thymber.
1762 4251 1855 4335 Viu-

95 4373 234 4480 gilius,
253 4375 344 4454 AEn.
364 4376 413 4474 X,
429 4403 467 4455 v.
486 4375 563 4455 394
582 4406 591 4455 ε

504 4551 581 4617 llam
590 4552 656 4632 tibi,
671 4553 831 4636 Thymbre,
845 4558 939 4637 eaput
948 4554 1117 4619 Evandrius
1124 4552 1249 4617 abstulit
1262 4552 1352 4617 ensis.

22 4704 26 4714 ’
94 4699 186 4908 {isi
200 4702 287 4808 quis
303 4712 410 4810 pulei
428 4704 655 4786 nominandi
670 4735 760 4790 essu
781 4714 866 4787 lum
887 4707 1087 4812 Thymber,
1106 4717 1187 4788 lum
1211 4705 1423 4810 Thymbrae
1441 4703 1532 4806 diei,
1553 4714 1596 4787 ut
1618 4705 1800 4786 Evander
1816 4714 1853 4786 el

135 4830 325 4908 ommes.
1073 4827 1078 4836 ’
1348 4862 1353 4872 ·

843 5075 1116 5150 ΑΡΡΕΝΒΙΙΙ.

157 5237 410 5344 Syualoephe,
434 5240 742 5350 episynalephe,
766 5242 948 5343 diaeresis,
978 5241 1195 5351 ecthlipsiS,
1223 5244 1383 5351 systole,
1412 5241 1592 5341 diastole,
1623 5249 1714 5322 suut
1738 5240 1853 5323 etiam

89 5363 346 5469 metaplasmi
362 5364 525 5471 speeies,
547 5365 595 5448 de
616 5367 760 5473 quibus
778 5395 894 5477 supra
915 5369 1078 5478 egimus.

1640 5511 1681 5572 oo
