4646 6164
486 446 563 523 llll

538 603 611 684 lod
624 604 727 707 apud
747 602 930 683 Hebraos
946 626 1100 707 semper
1117 627 1335 682 consonans
1352 610 1426 700 est,
1443 630 1531 684 cum
1547 603 1747 684 vocalibus
1763 602 2015 708 preponitur,
2033 610 2078 681 ut
2096 634 2105 682 :
2123 605 2237 700 lesus,

486 731 665 824 loannes,
691 729 859 826 lucabum
879 726 1007 832 itaque
1022 726 1087 832 qui
1102 726 1184 806 baec
1199 735 1315 831 atque
1333 726 1410 807 alia
1427 729 1601 836 ejusdem
1620 727 1773 836 generis
1791 727 1952 807 nomina
1971 726 2080 831 perI
2099 752 2241 806 conso-

484 859 651 933 nantem
675 851 862 949 efferunt,
890 851 1036 957 optime
1063 850 1221 956 quidem
1250 851 1528 956 pronuntiant3
1559 853 1625 958 qui
1651 878 1742 933 vero
1772 879 1840 957 per
1867 852 2065 950 vocalem,
2093 851 2239 931 Graecos

1088 471 1131 521 DE
1151 467 1382 522 stuttanutttt
1401 470 1627 524 DlllENSloliE.

484 975 701 1056 imitantur.

542 1101 669 1206 apost
683 1127 707 1204 q
722 1098 875 1179 literam
896 1125 1047 1205 semper
1061 1100 1256 1204 liquescit,
1269 1109 1311 1180 ut
1325 1127 1458 1207 qnare,
1470 1128 1614 1208 quera
1628 1106 1729 1207 queit,
1745 1109 1820 1180 etc.
1839 1103 1891 1179 At
1905 1105 1990 1204 post
2003 1127 2029 1200 q
2042 1107 2083 1179 et
2095 1127 2115 1177 s
2128 1101 2237 1180 modo

482 1224 676 1330 liquescit,
703 1232 744 1303 ut
767 1226 912 1329 linque,
938 1227 1109 1330 langueo,
1137 1229 1287 1330 unques,
1313 1228 1502 1329 extinguo,
1528 1226 1681 1324 suadeo,
1706 1229 1849 1324 mansa
1872 1222 1986 1304 modo
2010 1223 2167 1332 integra
2188 1233 2236 1305 est

483 1374 670 1455 suamque
684 1347 764 1428 vim
779 1348 938 1447 retinet,
955 1358 999 1429 ut
1014 1355 1185 1455 esz'paus,
1198 1376 1301 1429 snus.

535 1472 675 1553 Literae
690 1473 910 1578 liquescunt
923 1500 1011 1554 cum
1027 1473 1103 1553 vim
1118 1474 1313 1579 roburque
1327 1473 1473 1555 vocalis
1487 1481 1554 1555 aut
1567 1473 1818 1555 consonantis
1832 1472 2032 1552 amittunt.

519 1670 711 1753 Syllabarum
725 1669 863 1734 omniurn
878 1669 1009 1734 brevitas
1021 1675 1053 1733 et
1065 1669 1226 1750 longitudo
1238 1670 1330 1732 etiam

479 1768 628 1850 imperita
638 1768 825 1832 multitudini
839 1769 912 1831 olim
923 1767 1071 1831 notatuit.
1088 1767 1162 1830 Erat
1173 1768 1256 1831 enim
1267 1787 1332 1831 cer·

479 1871 528 1928 tus
540 1883 650 1942 sonus,
664 1884 728 1948 quo
739 1867 859 1929 vocales
872 1866 978 1946 longus
991 1884 1010 1927 a
1026 1865 1168 1928 brevibus
1180 1865 1266 1929 nullo
1279 1883 1332 1928 ne-

480 1963 565 2044 gotio
577 1963 747 2046 separabat.
763 1963 796 2025 ld
810 1963 895 2045 quod
919 1961 1025 2026 Cicero
1038 1963 1069 2025 in
1083 1961 1221 2040 Oratore,
1236 1982 1265 2025 o.
1278 1965 1328 2038 st,

481 2063 552 2138 tta,
562 2060 751 2142 apertissime
760 2062 870 2124 docet:
893 2059 953 2123 «ln
965 2079 1052 2124 versu
1064 2060 1201 2142 quidem,
1218 2059 1329 2141 inquit,

480 2159 598 2222 theatra
612 2160 797 2236 exclamant,
812 2158 837 2221 si
850 2158 909 2220 fuit
920 2176 982 2221 una
997 2157 1112 2239 syllaba
1126 2164 1179 2220 aut
1193 2157 1329 2232 brevior,

479 2261 532 2318 aut
545 2254 675 2334 longior.
692 2255 755 2319 Nec
774 2275 846 2318 vero
858 2255 1026 2319 multitudo
1040 2255 1136 2336 pedes
1160 2255 1255 2331 novit,
1271 2271 1330 2317 nee

479 2353 559 2418 ullos
573 2370 718 2417 numeros
730 2359 832 2432 tenet;
850 2372 907 2417 nee
925 2352 1001 2417 illud
1015 2353 1099 2434 quod
1121 2353 1259 2428 offendit,
1275 2357 1329 2415 aut

479 2471 544 2529 cur,
560 2451 659 2515 autin
674 2470 737 2533 quo
757 2450 905 2528 offendat,
919 2451 1075 2532 iutelligit3
1092 2457 1124 2513 et
1144 2455 1247 2512 tamen
1261 2468 1328 2513 om·

478 2550 565 2612 nium
576 2549 804 2630 longitudinum
828 2555 860 2611 et
879 2549 1060 2612 brevitatum
1083 2548 1228 2622 insonis,
1250 2547 1330 2610 sicut

478 2654 637 2712 acutarum
659 2648 859 2729 graviumque
881 2665 990 2710 voennr
1010 2645 1175 2727 judicium,
1197 2646 1262 2728 ipsa
1275 2663 1329 2708 na·

476 2751 545 2809 tura
559 2745 591 2808 in
605 2745 729 2808 auribus
752 2745 863 2808 nostris
876 2744 1048 2808 collocavit.
1064 2766 1079 2803 n
1103 2743 1175 2806 llaec
1189 2743 1251 2806 ille.
1266 2742 1329 2806 Ho-

478 2843 527 2906 die
540 2861 581 2906 ne
595 2841 677 2907 docti
691 2843 817 2925 quidem
829 2847 861 2905 et
873 2841 926 2924 qui
940 2860 1066 2905 omnem
1080 2847 1202 2904 aetatem
1216 2840 1247 2901 in
1261 2840 1328 2903 lite·

478 2943 520 3004 ris
534 2947 800 3024 consumpserunt,
814 2961 832 3001 a
846 2941 973 3021 longum
987 2960 1004 3003 a
1017 2939 1100 3003 brevi
1112 2957 1188 3001 sono
1199 2945 1328 3019 possunt

479 3041 664 3123 distinguere
672 3059 683 3120 3
696 3041 806 3105 eodem
820 3040 903 3104 eninr
918 3040 1141 3115 modomaluna
1152 3044 1184 3101 et
1193 3037 1328 3100 arborem

479 3145 510 3201 et
531 3139 675 3202 homiuem
699 3145 818 3201 sonant.
847 3137 921 3212 Quis
943 3137 991 3200 vel
1013 3137 1214 3219 peritissimus
1234 3137 1326 3213 uenit,

479 3237 554 3318 tigit
575 3253 707 3318 praesens
721 3255 738 3298 a
752 3237 905 3317 praeterito
927 3237 1018 3311 venit,
1038 3235 1131 3318 legin
1147 3234 1223 3316 fidi,
1238 3236 1325 3314 rabn',

478 3335 548 3398 duci
558 3334 678 3397 verbra
692 3334 866 3398 nominibus
879 3334 954 3415 [idi.
968 3333 1057 3411 mori,
1071 3333 1142 3395 diei
1150 3333 1243 3396 bodie
1256 3352 1327 3414 pro·

479 3432 669 3496 nuntiatione
686 3435 822 3513 separati
840 3433 917 3498 Cum
941 3433 1031 3513 igitur
1043 3449 1146 3495 veram
1161 3432 1244 3494 illam
1258 3449 1327 3512 ger-

478 3548 663 3612 manamque
677 3529 893 3611 pronuntiandi
907 3531 1056 3592 rationem
1068 3528 1204 3592 funditus
1215 3529 1327 3592 amise-

1390 1669 1441 1747 fit,
1472 1670 1646 1750 intelligunt
1666 1668 1741 1752 quid
1757 1669 1879 1732 dixeris.
1896 1668 1958 1732 Sed
1986 1669 2052 1733 base
2081 1671 2233 1733 haetenus.

1427 1766 1552 1831 Verrius
1575 1769 1716 1842 Flaccus,
1733 1775 1766 1829 ut
1779 1767 1915 1831 Velleius
1935 1767 2075 1848 Longus,
2099 1788 2132 1848 p.
2149 1770 2233 1842 fili,

1387 1867 1490 1942 docet,
1503 1866 1682 1928 existimavit
1692 1866 1832 1928 eamdem
1842 1883 1908 1928 esse
1921 1865 2003 1946 apud
2012 1883 2070 1927 nos
2084 1865 2114 1928 [J
2123 1865 2232 1928 literam

1387 1964 1550 2047 qrrseapnd
1576 1963 1696 2027 Grecos
1711 1965 1749 2042 Υ;
1776 1981 1848 2025 nam
1872 1963 1914 2024 illi
1932 1965 2056 2040 κύμινον,
2078 1981 2136 2026 nos
2153 1965 2235 2024 crani-

1387 2081 1477 2139 num;
1490 2061 1533 2123 illi
1546 2064 1723 2143 κυπάρισσον,
1742 2079 1798 2123 nos
1809 2079 1994 2142 cupressum
2006 2059 2049 2122 illi
2062 2063 2232 2141 wespvhsqv,

1387 2179 1444 2223 nos
1453 2159 1681 2239 gubernatorem
1698 2159 1841 2222 dicimus.
1856 2157 1943 2221 ldetn
1958 2158 2070 2238 probat
2082 2178 2121 2220 ex
2136 2159 2234 2239 graeeis

1388 2256 1566 2321 nominibus
1581 2277 1650 2339 quae
1665 2257 1696 2319 in
1720 2279 1765 2330 ευς
1786 2263 1913 2333 exeunt,
1936 2255 1963 2318 T
1961 2257 2072 2334 haeae,
2094 2256 2234 2320 Pelauct

1387 2355 1546 2418 similibus.
1563 2355 1632 2418 Alie
1654 2356 1751 2418 multa
1765 2362 1837 2418 sunt
1856 2353 1969 2437 quibus
1991 2355 2085 2417 etiarn
2107 2355 2233 2436 apertius

1386 2451 1481 2514 Verrii
1496 2453 1649 2515 sententia
1662 2452 1874 2525 confirmatur,
1889 2459 1922 2514 ut
1938 2457 2000 2530 μῦς,
2017 2471 2093 2530 mus,
2108 2454 2168 2530 σῦς,
2181 2471 2231 2514 sm.

1427 2551 1552 2616 Veteres
1564 2553 1605 2615 ita
1617 2551 1824 2632 diphthongos
1841 2551 2092 2633 pronuntiabant,
2108 2558 2144 2613 ut
2163 2558 2234 2613 utra·

1386 2669 1447 2733 que
1458 2651 1571 2714 voeatis
1585 2650 1806 2732 perciperetur,
1818 2649 1902 2731 quod
1916 2649 2010 2713 hodie
2025 2649 2055 2711 in
2068 2650 2188 2713 duabus
2199 2669 2232 2710 ur

1385 2755 1417 2810 et
1431 2767 1466 2810 eu
1480 2754 1598 2810 tanturn
1613 2749 1789 2829 experimur
1805 2765 1814 2810 ε
1835 2765 1907 2810 narn
1921 2747 1952 2809 in
1967 2746 2085 2809 caeteris
2098 2746 2162 2810 lere
2176 2765 2233 2808 una

1385 2852 1505 2907 tanturn
1525 2846 1658 2908 auditur.
1672 2844 1903 2925 Dipbthongum
1923 2863 1949 2906 ιε
1967 2845 2049 2906 varic
2067 2843 2234 2906 scribebant

1385 2943 1515 3025 antiqui,
1532 2950 1566 3006 ut
1579 2943 1781 3015 Quintilianus
1794 2942 1847 3020 ait,
1863 2941 1885 3003 l.
1902 2941 1927 3017 l,
1942 2961 1971 3004 c.
1988 2945 2020 3019 t,
2039 2943 2098 3004 ts:
2113 2943 2234 3023 quidam

1385 3059 1471 3104 more
1486 3040 1657 3104 Graecorum
1670 3041 1819 3122 perusti
1829 3058 1954 3120 semper
1966 3039 2137 3104 scribebant
2148 3057 2158 3116 ;
2171 3037 2235 3121 qui-

1384 3136 1455 3200 dam
1469 3137 1664 3219 singulariter
1677 3144 1811 3215 tantum,
1821 3155 1893 3200 curn
1905 3137 1937 3198 in
1947 3137 2115 3217 genitivum
2127 3137 2174 3198 vel
2185 3136 2235 3198 da·

1384 3236 1480 3298 tivuru
1506 3235 1699 3314 incidissent;
1722 3236 1804 3297 unde
1814 3235 1912 3316 pictai
1928 3235 2030 3312 vestis,
2051 3243 2081 3296 et
2093 3235 2193 3316 aquai,
2208 3240 2236 3295 et

1384 3334 1857 3414 ouluiVirgilius,arvrantissimus
1866 3333 2038 3410 vetustatis,
2044 3333 2181 3396 versibus
2196 3332 2238 3392 in·

1384 3433 1489 3496 seruit.
1506 3432 1821 3496 Pluralinumerooat
1832 3451 1847 3494 e
1857 3431 2033 3509 utebantur,
2044 3432 2120 3494 athi
2128 3431 2236 3513 Sylla,

1384 3531 1418 3594 hi
1429 3530 1540 3596 Galba.
1552 3530 1751 3612 [liphtbongo
1764 3530 1792 3591 ei
1803 3529 1856 3592 din
1870 3529 1916 3592 usi
1928 3529 2138 3594 suntltomaui
2146 3547 2156 3606 ;
2173 3529 2239 3610 qui-

476 3630 583 3705 rimus,
599 3627 728 3709 apoetis
741 3627 924 3708 syllabarum
937 3627 1043 3709 peritia
1057 3627 1145 3690 nobis
1157 3627 1327 3690 uecemario
1384 3626 1443 3691 bus
1457 3628 1533 3691 locis
1546 3647 1583 3691 ea
1605 3628 1651 3690 usi
1675 3627 1802 3703 luerint,
1825 3627 1919 3690 docet
1942 3625 1978 3688 P.
1993 3626 2134 3707 Nigidius
2154 3625 2238 3707 apud

478 3726 611 3816 petenda
630 3733 686 3789 est.
702 3725 829 3802 Verum,
851 3725 996 3806 quoniam
1017 3725 1081 3788 heri
1095 3743 1156 3788 non
1176 3731 1328 3807 potestat
1385 3726 1528 3803 Gellium,
1544 3728 1566 3790 l.
1587 3726 1669 3802 lllll,
1690 3745 1719 3789 e.
1734 3727 1795 3789 25:
1815 3748 1831 3784 a
1849 3724 1880 3787 Si
1901 3725 2001 3807 hujus,
2017 3724 2125 3806 inquit,
2151 3725 2243 3786 amici

479 3842 586 3887 omnes
599 3824 748 3886 memoria
771 3831 943 3902 teneamus,
956 3823 1147 3886 traduntura
1167 3843 1326 3904 gramma·
1384 3825 1432 3888 vel
1443 3826 1530 3907 hujus
1543 3826 1647 3906 magni
1657 3824 1782 3900 scribas,
1804 3841 1901 3885 unum
1916 3821 2030 3884 r'iaeito
2044 3829 2238 3899 extremum3

480 3923 545 3986 ticis
558 3928 723 4004 praeopta,
734 3921 845 4004 quibus
857 3920 881 3984 si
895 3919 1040 4002 frequens
1052 3921 1239 4001 optimorum
1252 3940 1327 4003 poe-
1383 3921 1430 3984 siu
1451 3940 1524 3985 vero
1548 3922 1582 3983 ta·
1602 3922 1731 4002 magnei,
1756 3920 1789 3981 tri
1809 3919 1914 3981 ammei
1936 3937 2010 3982 casu
2036 3918 2242 3981 multitudinis

478 4029 578 4084 terum
586 4021 690 4093 lectio,
703 4019 821 4082 assidm
831 4018 1008 4082 exercitatio
1016 4037 1051 4080 ae
1057 4018 1188 4102 diligens
1197 4019 1326 4084 imitatio
1383 4026 1481 4098 recto,
1497 4028 1563 4082 tum
1577 4026 1649 4082 ante
1663 4016 1881 4082 iseribendum
1892 4016 1982 4093 erite,
1999 4022 2093 4097 atquc
2104 4017 2241 4098 idipsum

479 4118 616 4194 assedet,
629 4117 712 4180 brevi
724 4135 785 4179 non
798 4116 897 4180 solnrn
911 4116 1094 4199 syllabarum
1103 4117 1325 4182 dimensionem
1382 4115 1477 4192 iacies
1492 4117 1522 4178 in
1535 4117 1694 4180 similibus.
1708 4137 1722 4175 a
1741 4114 1822 4195 hege
1836 4112 2061 4187 Quintilianum
2076 4113 2241 4176 desudem

478 4233 688 4298 assequemur,
720 4215 775 4278 sed
802 4215 895 4278 etiarn
922 4215 1056 4278 earmina
1089 4233 1324 4297 componemus.
1384 4233 1429 4291 re,
1444 4217 1466 4278 l.
1484 4215 1506 4291 l,
1521 4215 1696 4287 e.'l,tbet
1716 4232 1817 4295 seqq,
1831 4211 2009 4288 Diomedes,
2022 4211 2045 4272 l.
2063 4210 2101 4287 ll,
2114 4229 2149 4292 p.
2166 4213 2240 4285 m,

478 4315 551 4387 Quae
564 4319 715 4395 praecepta
725 4331 810 4376 more
820 4320 957 4375 veterum
970 4331 1031 4375 non
1046 4313 1150 4392 ligata,
1164 4313 1326 4378 sedsoluta
1384 4313 1437 4376 ubi
1450 4313 1659 4394 diphthongos
1673 4311 1881 4374 enumeravit:
1902 4331 1918 4369 a
1935 4308 1982 4370 Ex
1998 4309 2057 4384 his,
2074 4309 2188 4391 inquit,
2202 4310 2239 4385 ei,

478 4412 615 4474 oratione
636 4410 821 4493 scripsimus,
842 4411 926 4492 qnod
949 4410 1088 4492 plerique
1108 4429 1217 4475 omnes
1230 4413 1325 4476 etiam
1384 4429 1455 4475 enm
1471 4410 1552 4493 apud
1567 4418 1687 4472 veteres
1709 4407 1966 4490 frequentaretur,
1983 4425 2041 4470 usu
2056 4407 2242 4488 posteritatis

479 4511 537 4573 hae
551 4516 733 4590 tempestate
745 4508 873 4585 iaciunt,
895 4507 986 4590 idque
1011 4526 1133 4571 summo
1144 4509 1225 4589 jure.
1245 4509 1325 4584 Quid
1384 4509 1508 4590 explosa
1520 4514 1575 4571 est.
1588 4530 1602 4566 a
1616 4505 1694 4570 Sunt
1709 4507 1760 4588 qui
1776 4505 1968 4568 accusativos
1987 4503 2083 4568 tertiae
2096 4505 2241 4567 deelina-

479 4608 562 4671 enim
574 4607 683 4670 attinet
698 4614 849 4688 praecepta
870 4605 1053 4669 carminibus
1073 4607 1209 4670 involuta
1222 4611 1326 4690 pueris
1382 4605 1511 4668 tionisin
1519 4605 1699 4667 isexeuntes
1708 4603 1847 4685 perhanc
1855 4602 2081 4684 diphthongum
2091 4601 2240 4676 scribant,

479 4706 639 4770 ediscenda
653 4709 846 4787 proponeret
859 4704 971 4768 Nonne
987 4704 1084 4767 multo
1096 4705 1215 4769 facilius
1228 4709 1325 4788 perci·
1383 4712 1417 4767 ut
1425 4703 1544 4780 omneis,
1558 4704 1639 4776 treis,
1652 4701 1758 4777 arbee,
1768 4701 1875 4783 quade
1884 4719 1917 4763 re
1929 4700 2026 4776 nulla,
2036 4699 2123 4781 quod
2132 4698 2239 4771 sciam,

477 4805 574 4886 pient,
587 4804 624 4882 si,
640 4803 722 4866 verbi
735 4821 839 4880 causa,
852 4802 955 4865 dicas:
970 4801 1092 4866 Voealis
1104 4811 1175 4865 ante
1184 4805 1323 4868 vocalem
1383 4802 1417 4863 ht
1433 4802 1550 4865 mentio
1564 4801 1645 4883 apud
1660 4808 1788 4862 veteres.
1804 4797 1894 4860 Certe
1909 4797 2074 4860 Diomedes
2088 4814 2149 4876 per
2164 4795 2241 4860 ido

478 4899 577 4964 brevis
593 4909 650 4978 est,
672 4907 707 4963 ut
726 4902 816 4978 vadus,
831 4904 917 4978 εἵκω
932 4899 1137 4982 diphthongus
1156 4901 1249 4982 longa
1264 4908 1322 4981 est,
1382 4904 1433 4962 eet
1446 4899 1623 4962 scribendas
1636 4915 1702 4960 esse
1717 4898 1739 4959 l.
1754 4895 1778 4974 l,
1792 4915 1824 4977 p.
1834 4898 1914 4960 982:
1933 4919 1948 4955 s
1963 4893 2111 4971 Nomina,
2128 4893 2240 4976 iuquit,

472 4998 653 5077 pareantum·
663 5017 754 5081 quam
769 4998 793 5061 si
804 5006 926 5061 unoaut
939 4998 1323 5063 alteroversuhaeceudem
1382 5017 1452 5080 quae
1461 4998 1592 5061 ablativo
1607 5015 1692 5074 casu,
1703 4992 1997 5073 numerosingulari,
2009 4993 2022 5053 i
2028 4992 2118 5053 litera
2128 4991 2241 5054 finiun-

478 5095 612 5158 involvas
626 5103 658 5159 et
671 5096 826 5174 obscures,
846 5115 924 5179 quos
944 5115 1068 5159 necesse
1082 5096 1120 5158 sit
1132 5096 1258 5159 totidem
1271 5105 1324 5160 aut
1382 5103 1444 5170 tur,
1460 5114 1575 5177 genere
1598 5095 1770 5157 masculino
1790 5099 1822 5155 ct
1844 5091 2007 5168 feminino,
2029 5088 2156 5153 sublate
2172 5089 2240 5151 iul·

478 5193 570 5254 etiem
584 5195 722 5276 pluribus
736 5195 833 5258 verbis
846 5197 1015 5277 explicaret
1030 5194 1068 5258 Et
1080 5195 1176 5276 (quod
1188 5194 1324 5258 deterius
1382 5195 1467 5270 tima,
1483 5199 1514 5257 et
1528 5193 1626 5275 posita
1646 5211 1676 5254 es
1689 5191 1805 5274 syllaba
1825 5189 1989 5273 producta,
2003 5187 2128 5251 iaciunt
2144 5185 2240 5250 nomi-

479 5291 535 5366 asty
551 5307 624 5353 eum
637 5292 771 5356 muttum
784 5292 900 5375 diuque
924 5292 1089 5372 sudaveris,
1112 5291 1173 5374 vix,
1187 5297 1222 5355 ut
1241 5309 1323 5374 sepe
1381 5293 1519 5356 nativum
1533 5299 1565 5355 et
1577 5291 1750 5356 vocativum
1763 5289 1908 5372 plurales,
1925 5292 1960 5351 ut
1973 5285 2011 5348 ob
2024 5285 2078 5348 hoc
2090 5293 2129 5347 et
2142 5283 2241 5347 utar
