4678 6162
1160 580 1204 632 DE
1225 579 1348 632 VERBIS
1368 579 1535 631 ponticla.

1130 906 1473 988 PRAECEPTUM
1513 907 1561 984 V.

528 1165 620 1243 551.
651 1162 692 1244 Si
707 1161 867 1243 nomina
881 1162 956 1242 sint
972 1163 1091 1243 tertiae
1104 1162 1388 1263 declinationis,
1408 1165 1674 1272 patronymica
1692 1166 1790 1246 fiunt
1809 1164 1994 1262 adalivo,
2013 1163 2138 1244 addita
2152 1167 2211 1244 des

474 1288 640 1398 syllaba,
671 1297 714 1368 ul
737 1289 905 1394 Apenoe,
931 1290 1135 1393 elpenoris,
1163 1290 1349 1393 taenari,
1376 1291 1621 1394 Apenon'dea,
1656 1292 1844 1390 Cadmus,
1870 1290 1974 1370 filius
2003 1288 2207 1396 Agenoris;

477 1414 739 1513 Thestorides,
778 1413 961 1512 Calchas,
993 1411 1095 1493 filius
1134 1413 1350 1512 Thestorio;
1388 1416 1602 1510 Actam'dea,
1644 1415 1859 1515 Patroclus,
1899 1439 2020 1521 nepos
2054 1417 2211 1516 Actaeam

474 1541 691 1638 AEsonidec,
721 1540 855 1637 lason,
883 1537 984 1618 lilius
1010 1544 1172 1618 AEsonzi.
1202 1537 1546 1638 colinellatam.
1565 1541 1681 1639 lll,v.
1700 1540 1774 1619 90:
2047 1547 2051 1552 ’

869 1715 975 1779 Donec
990 1717 1013 1778 Α
1018 1715 1169 1798 aenesidea
1182 1717 1359 1797 conjectum
1374 1716 1403 1779 in
1417 1723 1542 1798 gutture
1556 1715 1684 1780 terrum.

478 1871 596 1970 ldem,
609 1870 766 1952 llctam.
785 1869 868 1968 Xll,
881 1896 917 1948 v.
940 1870 1010 1948 t8:

1131 2067 1270 2084 .....
1293 2022 1334 2083 At
1347 2021 1409 2085 veri
1421 2021 1567 2103 providus
1578 2041 1676 2102 augin

873 2117 1077 2182 Thestorides:
1091 2117 1267 2196 vincemus,
1278 2119 1331 2182 ait.

477 2272 594 2371 ldam,
612 2273 768 2354 Metam.
787 2273 887 2372 Xlll,
904 2297 941 2350 v.
960 2271 1036 2350 273
1055 2303 1063 2350 :

872 2445 1017 2529 Reppulit
1031 2446 1185 2511 Actorides
1197 2447 1256 2510 sub
1268 2447 1399 2528 imagine
1414 2453 1500 2510 tulus
1513 2447 1639 2511 Achillis

871 2544 964 2608 hocs
977 2544 1016 2608 ab
1026 2545 1140 2634 ¹arsuris
1152 2563 1224 2610 cum
1238 2543 1399 2610 defensore
1413 2545 1535 2610 caninis.

478 2699 653 2782 Valerius
666 2699 837 2800 Flaccus,
855 2698 883 2779 l.
902 2700 966 2798 Vl,
983 2726 1021 2777 v.
1040 2697 1140 2777 655:

874 2872 1004 2938 Advolat
1016 2873 1178 2938 AEsona'alea
1191 2881 1386 2957 mortemque
1399 2876 1536 2939 cadentis
1549 2875 1683 2940 acerbat.

1218 3168 1458 3240 EXCEPTl(
1483 3224 1489 3238 .

534 3337 698 3416 Nomina
718 3361 761 3416 aa
781 3335 905 3434 finita,
930 3361 1093 3440 quorum
1115 3335 1309 3444 genitivus
1331 3336 1409 3420 exit
1428 3334 1467 3415 in
1486 3341 1600 3432 antei,
1625 3364 1649 3416 a
1669 3337 1822 3418 literam
1844 3347 1934 3418 ante
1958 3340 2022 3418 dea
2042 3338 2214 3446 syllabam

483 3469 632 3568 petunt,
652 3467 694 3540 ut
711 3461 822 3560 Abas,
843 3460 1014 3559 Abanteis,
1039 3460 1190 3559 Abanti,
1211 3460 1457 3562 Abantiadea,·
1478 3461 1531 3542 sic
1550 3463 1801 3561 Atlantiades,
1826 3464 2083 3560 Poeantiaden,
2106 3463 2218 3541 Atla-

482 3586 708 3685 mantiadea,
725 3583 1003 3690 Dryantiadae,
1018 3593 1056 3668 et
1072 3585 1147 3666 alia
1159 3585 1196 3664 id
1212 3611 1351 3693 genus.
1369 3585 1538 3684 Ovidius,
1556 3588 1710 3668 Metam.
1728 3588 1777 3686 V,
1794 3614 1832 3667 v.
1852 3587 1950 3667 236:

877 3769 981 3930 Victor
991 3770 1295 3853 Abantiadespatcios
1309 3789 1381 3835 cum
1395 3771 1528 3851 coniuge
1541 3787 1646 3834 muros

893 3874 982 3933 nunt.

485 4024 603 4150 ldem,
622 4023 777 4102 Metam.
797 4023 897 4120 Vlll,
912 4047 948 4100 v.
968 4021 1066 4101 627:

880 4195 969 4261 Venit
982 4197 1172 4261 Atlantiades
1185 4197 1292 4280 positis
1302 4196 1458 4261 caducifer
1470 4199 1536 4262 alis.

539 4363 684 4442 Eodem
706 4361 783 4442 lece
799 4358 913 4439 modo
928 4357 1158 4460 formantur,
1183 4386 1269 4465 quae
1289 4385 1311 4440 a
1333 4360 1557 4440 nominibus
1571 4361 1610 4440 in
1631 4387 1680 4439 en
1696 4359 1818 4440 fiunt:
1841 4359 2033 4478 Telamon,
2055 4359 2222 4439 Telamo-

486 4493 568 4586 nis,
600 4485 810 4584 Telamoni,
851 4483 1161 4584 Telamoniades,
1187 4486 1569 4590 Amphitryoniades,
1604 4486 1954 4566 Laomedontiades.
1988 4491 2021 4564 Α
2056 4486 2221 4588 Scipione

489 4621 641 4709 tamen,
677 4634 757 4689 non
800 4610 1066 4714 Scipionades,
1104 4610 1168 4690 scd
1203 4609 1400 4715 Scipiades
1434 4609 1641 4690 imminuto
1677 4608 1794 4690 verbo
1829 4609 2014 4690 nascitur.
2051 4605 2218 4688 Ovidius.

488 4739 643 4818 Metam.
662 4734 760 4832 Xlll,
777 4761 815 4813 v.
835 4733 905 4813 ast
926 4763 934 4812 :

882 4908 947 4973 Nec
957 4907 1177 4973 Telamoniades
1189 4911 1280 4973 eliam
1293 4927 1377 4974 nunc
1390 4909 1507 4974 hiscere
1521 4911 1685 4993 quicquam

888 5006 987 5072 lusit.

490 5162 687 5270 Virgilius,
704 5163 795 5242 AEn.
812 5160 913 5260 Vlll,
930 5187 967 5239 v.
986 5159 1086 5241 ula:

887 5335 1007 5401 Interea
1019 5355 1091 5401 cum
1103 5336 1166 5417 ism
1180 5337 1305 5402 subulis
1316 5343 1446 5402 calcinato
1457 5344 1595 5401 moveret

886 5435 1168 5536 Amphitryoniades
1179 5441 1327 5499 armenta.
