4670 6158
480 517 558 595 490
1258 544 1301 596 ua
1322 544 1446 596 rinnau.

480 676 538 739 bus
557 675 673 738 dictum
692 674 749 738 sit:
767 675 877 738 burum
899 673 981 737 enirn
1005 674 1134 755 diligens
1152 677 1184 738 et
1204 674 1324 739 assidua
1380 675 1497 758 optime
1524 683 1572 740 cst
1597 677 1653 740 sibi
1683 679 1805 758 junctus
1826 683 2017 759 anapaestus¹
2047 682 2082 740 ut
2103 679 2153 760 qui
2182 680 2214 741 sit

479 773 569 837 lectio
583 772 742 853 magistros
756 790 865 838 omnes
881 778 1014 854 superat.
1026 773 1137 836 Versus
1149 772 1326 837 hexameter
1381 775 1565 857 pentametri
1588 774 1667 838 linis.
1689 797 1704 834 o
1731 774 1856 854 ibidem,
1883 778 1943 839 98:
1966 774 2050 838 «Est
2070 775 2212 858 quoddam

479 871 587 953 recipit
600 871 752 936 interdum
765 876 953 954 anapestum
965 878 996 934 et
1006 871 1323 952 proceleusmaticum,
1381 874 1413 936 in
1441 874 1506 955 ipsa
1537 873 1683 937 divisione
1716 874 1879 938 uerborum
1909 875 2008 938 latens
2040 880 2157 957 tempus
2185 885 2213 938 ut

481 975 516 1032 ut
532 969 841 1052 quibusdamplacet3
855 969 894 1034 de
908 971 1021 1053 quibus
1033 971 1213 1053 paulopost.
1382 972 1413 1036 iu
1440 973 1620 1054 pentametri
1638 973 1739 1036 medio
1767 972 1923 1054 spondeo,
1941 973 1996 1057 qui
2022 972 2079 1036 nisi
2105 973 2214 1036 alterins

520 1067 673 1132 Posterior
692 1067 769 1131 ratio
793 1067 940 1131 metiendi
964 1073 1189 1150 pentametrum
1209 1068 1326 1142 Quinti·
1383 1071 1466 1133 verbi
1493 1070 1577 1146 line,
1607 1071 1728 1134 alterius
1751 1071 1835 1134 initio
1857 1077 1993 1150 mnatat,
2018 1089 2137 1135 remum
2161 1089 2212 1135 nou

481 1165 562 1230 liano
588 1166 744 1248 probatur,
773 1166 795 1229 l.
819 1164 873 1242 lll,
900 1184 929 1229 c.
950 1169 982 1244 l,
997 1170 1081 1231 109:
1107 1190 1122 1226 a
1140 1167 1179 1230 lit
1200 1167 1325 1248 quidem
1384 1168 1516 1231 efficito

567 1454 809 1537 SENARlUS
836 1453 1080 1552 lAMBlCUS,
1111 1452 1221 1533 SIVE
1248 1452 1496 1532 'lRlMHTER
1525 1452 1755 1535 lrllllBlCUS
1784 1453 2138 1536 ACATALECTUS

536 1663 626 1743 523.
657 1665 838 1743 Senum‘cs
861 1662 1061 1758 iambicus,
1088 1686 1177 1740 oum
1203 1685 1322 1765 purus
1345 1667 1401 1739 est
1425 1667 1464 1739 et
1488 1659 1657 1766 integer,
1687 1661 1868 1741 omnibus
1895 1661 1936 1740 in
1964 1661 2057 1741 locis
2082 1662 2212 1743 iambos

483 1789 611 1870 habet.
630 1789 822 1888 Horatius,
839 1785 979 1893 Hpod.,
997 1785 1068 1866 ode
1085 1787 1123 1884 2,
1140 1812 1177 1862 v.
1199 1786 1213 1863 l
1238 1815 1247 1864 :

877 1953 987 2018 Beatus
1006 1953 1059 2017 ille
1079 1953 1132 2036 qui
1154 1952 1259 2035 procul
1282 1950 1424 2033 negotiis.

484 2101 626 2183 Omnes
653 2127 716 2180 ser
740 2100 857 2205 pedes
880 2098 1000 2179 iambi
1028 2104 1139 2198 sunt,
1171 2096 1330 2176 totidem
1359 2095 1464 2175 enim
1493 2095 1609 2200 pedes
1637 2096 1810 2208 senarius
1840 2097 2032 2187 admittit,
2064 2097 2214 2180 undeet

485 2251 628 2306 nomeu
644 2224 808 2306 invenit.
825 2225 987 2322 Verum,
1106 2257 1108 2264 ⁴

880 2389 1006 2454 'lardior
1016 2395 1050 2452 ut
1062 2389 1170 2470 paulo,
1184 2388 1365 2470 graviorque
1379 2387 1496 2451 veniret
1508 2386 1547 2450 ad
1561 2405 1661 2466 aures,

484 2545 525 2617 ut
538 2535 731 2636 Horatius,
751 2539 845 2616 Arte
860 2545 982 2643 poet,
998 2561 1033 2613 v.
1052 2535 1142 2631 255,
1158 2531 1226 2629 ait,
1245 2530 1385 2637 primo,
1405 2531 1516 2610 tertio
1535 2541 1573 2612 et
1592 2531 1726 2636 quinto
1741 2532 1825 2612 loco
1841 2534 2074 2638 spondeum,
2091 2533 2216 2641 dacty-

484 2663 567 2742 lum
590 2669 628 2744 et
653 2669 892 2768 anapestum
918 2659 1071 2767 recipit.
1098 2657 1288 2739 Omnibus
1306 2657 1424 2736 etiam
1447 2655 1556 2756 loeis,
1575 2665 1832 2762 preterquam
1853 2669 1976 2758 sexto,
1994 2659 2214 2767 tribrachym

485 2794 608 2893 potest
622 2787 807 2892 recipere.
826 2785 1020 2885 Horatius,
1038 2783 1179 2889 Hpod.,
1196 2783 1267 2862 cde
1283 2783 1322 2882 2,
1338 2808 1374 2860 v.
1395 2782 1443 2861 35
1461 2812 1470 2860 :

880 2953 1090 3034 Pavidumque
1109 2951 1258 3033 leporem,
1280 2956 1313 3013 et
1332 2948 1482 3014 advenam
1504 2951 1616 3032 laqueo
1634 2967 1760 3030 gruem,

999 3049 1141 3112 lucnnda
1161 3056 1263 3130 captat
1282 3049 1416 3131 praemia.
1436 3065 1439 3080 ·

828 3329 1114 3410 1111111111
1155 3330 1426 3412 inmercum
1468 3329 1882 3413 ACATALECTUM
2012 3281 2015 3288 ’

540 3530 631 3610 aad.
652 3530 871 3610 Ilz'metrom
884 3528 1087 3608 abaciacum
1099 3535 1264 3632 quatuor
1278 3525 1415 3632 recipit
1429 3526 1546 3632 pedes
1560 3557 1569 3606 :
1583 3529 1751 3608 secundo
1765 3535 1803 3609 et
1819 3502 2051 3635 quartu'locu
2064 3530 2219 3620 iambum

487 3654 611 3762 primo
627 3661 665 3735 et
680 3654 788 3734 tertio
803 3653 993 3752 iambum,
1006 3653 1238 3757 spondeum,
1255 3652 1465 3758 dactylum,
1482 3660 1740 3759 anapestum
1760 3662 1884 3759 potest
1902 3655 2019 3734 etiam
2038 3655 2078 3734 iu
2095 3656 2223 3735 omni·

489 3781 573 3880 bus,
591 3788 728 3886 praeter
742 3787 934 3884 quartum,
954 3777 1190 3883 tribrachym
1206 3775 1420 3857 admittere.
1439 3775 1632 3876 Horatius,
1650 3778 1791 3884 Hpod.,
1810 3779 1881 3860 ode
1896 3780 1935 3880 2,
1953 3807 1990 3860 v.
2010 3780 2054 3859 61
2077 3812 2085 3860 :

882 3945 942 4009 llas
961 3946 1040 4009 inter
1060 3943 1177 4026 epulas,
1200 3950 1235 4007 ut
1252 3945 1339 4025 iuvat
1358 3948 1461 4026 pastas
1480 3962 1553 4007 oues

920 4042 1031 4106 Videre
1051 4046 1250 4124 properantes
1270 4043 1409 4106 domum.

488 4187 749 4269 Subscribitur
782 4185 844 4268 bic
876 4212 1006 4267 versus
1041 4185 1239 4267 interdum
1273 4186 1474 4292 eleganter
1507 4187 1655 4267 senario
1689 4187 1869 4269 iambico.
1905 4187 2105 4283 Martialis,
2141 4187 2167 4267 l.
2197 4189 2221 4286 l,

487 4312 608 4420 epigr.
634 4313 698 4414 50,
721 4340 757 4392 v.
786 4314 801 4391 1
836 4345 844 4392 :

883 4469 935 4532 Vir
954 4467 1111 4533 Celtiberis
1130 4485 1195 4532 non
1215 4468 1346 4532 tacende
1366 4467 1519 4548 gentibus,

923 4566 1102 4648 Nostraque
1123 4568 1190 4630 laus
1210 4565 1373 4648 Hispaniae.

962 4843 1200 4942 SCAZON,
1242 4843 1368 4923 SlVE
1405 4843 1760 4926 CHOLlrllllBUS

541 5041 632 5118 525.
663 5041 806 5119 Scozoa
828 5064 981 5144 semper
1001 5037 1137 5143 quinto
1158 5038 1242 5118 loco
1266 5036 1384 5118 habet
1403 5037 1594 5138 iambum,
1612 5051 1717 5122 serto
1732 5068 1821 5122 vero
1836 5046 2069 5150 spondeum;
2089 5047 2225 5129 caeteris
2310 5045 2311 5048 ‘

488 5164 666 5247 omnibus
679 5190 769 5245 cum
784 5163 933 5246 senario
948 5162 1114 5244 iambico
1128 5162 1335 5244 consentit.
1354 5163 1552 5266 Martialis,
1571 5166 1598 5245 l.
1616 5166 1664 5267 V,
1680 5166 1804 5277 epigr.
1823 5171 1873 5247 51
1891 5201 1899 5248 :
2310 5157 2311 5168 *

886 5330 1109 5414 Extemporalis
1128 5329 1228 5394 luctus
1247 5337 1295 5395 est
1313 5349 1401 5396 meus
1420 5333 1524 5395 rhetor
1533 5350 1544 5412 3

883 5428 1078 5510 Calpurnium
1099 5447 1163 5496 non
1181 5430 1300 5512 scripsit
1317 5436 1350 5492 et
1370 5430 1519 5494 salutarit.
