4616 6160
490 493 568 574 262
1005 530 1049 581 nr
1071 530 1355 586 uousrauerrous
1376 535 1585 588 rnausvnvr
1605 535 1723 587 vnum.

490 655 557 755 tio,
584 683 663 738 non
688 659 774 768 lege
800 661 971 741 delendi.
997 695 1018 738 »
1048 662 1170 756 Idem,
1198 692 1267 771 pro
1291 666 1408 768 Sull.,
1435 693 1471 748 e.
1499 667 1564 766 28,
1592 667 1642 746 79
1670 699 1722 748 z«
1750 667 1885 747 Vestro
1911 668 2032 768 enim,
2059 671 2125 774 qui
2151 698 2226 750 cum

489 807 642 863 summa
655 785 848 892 elegantia
863 793 978 892 atque
993 787 1215 896 integritate
1227 790 1386 892 vixistis,
1404 792 1477 873 hoc
1492 791 1659 873 maxime
1674 796 1845 890 interret.
1860 824 1881 865 »

545 908 645 1012 Cajo
664 909 727 988 vel
749 912 862 1013 cujus
880 912 1035 990 antercst
1056 913 1322 1020 pereleganter
1341 914 1493 995 dieitur.
1520 915 1651 997 Cicero
1673 941 1742 1021 pro
1755 917 1910 996 Vareno
1933 915 2050 1024 (apud
2071 917 2227 1005 Priscia-

491 1057 600 1132 num,
627 1033 654 1111 l.
681 1034 762 1134 Xll,
791 1061 830 1140 p.
859 1033 951 1143 950)
981 1067 989 1114 :
1023 1068 1044 1108 «
1068 1037 1125 1116 Ea
1149 1037 1270 1118 credes
1294 1039 1324 1118 si
1348 1039 1592 1144 potissimum
1617 1039 1770 1120 crimini
1794 1039 1921 1140 datur,
1951 1040 2063 1122 detur
2088 1041 2123 1121 ei
2148 1045 2227 1146 eap'o

489 1162 686 1261 absterserit,
703 1184 782 1239 non
798 1157 832 1239 ei
849 1163 941 1263 cuja
956 1160 1055 1240 nibil
1077 1165 1274 1264 retorserit.
1299 1195 1319 1238 ›>
1345 1162 1464 1266 ldem,
1489 1167 1504 1245 l
1524 1164 1641 1264 Phil,
1663 1191 1699 1244 c.
1723 1165 1762 1262 9,
1787 1165 1831 1243 21
1861 1197 1870 1243 :
1900 1197 1921 1239 a
1944 1165 2035 1261 Quis
2055 1175 2112 1246 est
2134 1167 2226 1246 enirn

491 1281 618 1382 hodie,
635 1284 748 1388 cujus
762 1288 915 1363 rittersa't
926 1285 1039 1364 istam
1052 1286 1178 1393 legem
1194 1287 1382 1368 manere‘l
1395 1321 1416 1364 »

530 1511 714 1591 Priscianus,
728 1513 750 1575 l.
765 1513 833 1592 llll,
848 1534 879 1596 p.
895 1517 974 1578 950:
994 1517 1152 1580 «Interest
1166 1523 1198 1579 et
1216 1519 1335 1598 Refert,
1396 1521 1494 1585 tianos
1512 1521 1608 1602 pedes
1625 1539 1688 1584 uon
1707 1519 1835 1583 arbitror
1849 1520 2015 1585 admodum
2035 1521 2147 1600 favere,
2165 1540 2229 1584 eum

490 1611 601 1692 inquit,
611 1611 854 1692 genitivosolent
866 1614 992 1694 adiungi
1006 1615 1144 1677 omnium
1158 1618 1336 1694 casualium,
1396 1638 1449 1683 eos
1458 1619 1520 1683 buc
1533 1627 1625 1702 atque
1639 1619 1712 1690 illuc
1723 1637 1785 1684 nou
1799 1637 1889 1682 secus
1902 1637 1939 1682 ao
1952 1619 2090 1682 Lesbiam
2101 1638 2228 1682 norman

490 1710 607 1792 absque
617 1710 798 1790 supradictis
807 1711 942 1793 quinque
950 1711 1189 1794 pronominibus,
1197 1733 1253 1797 pro
1261 1734 1338 1798 quo·
1395 1715 1519 1780 lleetere
1535 1735 1572 1780 ac
1583 1723 1728 1799 torquere
1742 1717 1849 1799 possis.
1862 1716 1942 1780 lllud
1951 1716 2062 1780 Donati
2074 1718 2105 1781 in
2118 1717 2228 1781 Ferant.

489 1827 560 1871 rum
579 1809 719 1888 genitivis
741 1808 890 1874 ablativos
911 1813 1056 1892 ponimus
1077 1814 1335 1896 possessivorum,
1395 1813 1521 1879 Phorm.
1535 1821 1596 1880 act.
1611 1815 1661 1894 lV,
1676 1835 1719 1879 so.
1734 1819 1766 1894 5,
1777 1835 1808 1878 v.
1820 1817 1901 1878 ¹122:

491 1913 527 1970 ut
550 1929 557 1970 :
581 1906 728 1985 Interest,
750 1914 781 1969 et
801 1909 909 1990 Refert
930 1930 1011 1989 meo,
1033 1921 1104 1990 tua,
1123 1932 1193 1989 aaa,
1214 1921 1334 1991 nostro,

491 2013 591 2068 vestra
601 2025 614 2081 ,·
624 2005 691 2085 cuju
701 2023 837 2086 quoque,
849 2007 956 2068 induiti
966 2009 1188 2088 possessivum,
1203 2028 1275 2072 cum
1287 2029 1337 2073 su-

492 2100 636 2181 pradictis
666 2102 764 2164 verbis
790 2122 845 2183 pro
872 2104 1005 2184 genitivo
1033 2106 1173 2187 primitivi
1201 2107 1335 2188 ponitur.
1395 2105 1493 2186 magis
1508 2104 1654 2184 urgetllt
1668 2104 2094 2188 uquasre,inquit,quomodo
2108 2105 2232 2169 dicatur:

1459 1995 1570 2013 .....
1588 1958 1657 2022 odiu
1673 1966 1733 2024 tuo,
1750 1961 1862 2014 malurn!
1879 1962 1907 2012 id
1921 1961 2070 2028 reputt.....

493 2198 611 2275 Cicero,
621 2218 677 2281 pro
689 2200 808 2265 Vareno
822 2225 829 2265 ε
845 2202 913 2264 «Ea
927 2203 1026 2266 eaedes
1038 2205 1063 2267 si
1076 2205 1267 2287 potissimum
1280 2205 1339 2268 cri·
1395 2201 1471 2285 quid
1480 2220 1561 2282 mea,
1573 2201 1649 2284 quid
1657 2207 1732 2266 tuat
1745 2202 1794 2265 Au
1802 2203 1889 2266 deest
1900 2201 1939 2264 ad
1946 2201 1963 2263 l’
1975 2209 2009 2265 ut
2019 2203 2057 2266 sit
2067 2203 2107 2265 ud
2117 2223 2189 2280 meu,
2198 2203 2233 2264 ud

493 2317 508 2356 a
527 2296 602 2358 mini
616 2297 715 2371 datur,
729 2298 819 2361 detur
828 2300 855 2361 ei
869 2300 936 2381 cuja
947 2302 1097 2382 a'ctersuit,
1107 2302 1206 2366 nouei
1218 2304 1284 2385 cajo
1293 2304 1340 2366 ni·
1395 2300 1490 2362 aar»
1502 2299 1562 2364 Sed
1577 2301 1643 2364 baec
1657 2301 1787 2363 viderint
1798 2301 1892 2364 iidem
1906 2302 2069 2384 corypbaei.
2083 2301 2173 2366 Pueri
2184 2302 2233 2365 du·

493 2417 509 2455 a
526 2395 568 2458 bil
582 2397 733 2477 interfuit.
749 2397 849 2461 allaso
863 2399 925 2462 ille.
936 2401 1026 2464 Vides
1041 2407 1075 2464 ut
1087 2400 1271 2479 Priscianus,
1286 2403 1338 2484 qui
1395 2404 1479 2462 meta
1489 2397 1545 2460 ista
1556 2417 1596 2460 ue
1609 2416 1664 2479 per
1676 2416 1819 2461 somnum
1830 2398 1955 2481 quidem
1968 2399 2129 2480 attingant.

493 2492 533 2555 de
545 2492 672 2557 comicis
683 2495 819 2558 versibus
832 2497 1056 2560 accuratissime
1069 2498 1199 2581 scripsit,
1211 2499 1341 2563 affirmet
1435 2495 1551 2569 Quibus
1574 2495 1712 2576 genitivis
1737 2497 1905 2577 iungantur
1931 2497 2114 2578 pronomina
2142 2517 2232 2572 meas,

493 2611 570 2670 nuo,
580 2601 644 2669 tou,
654 2613 719 2670 sua,
733 2602 847 2672 nostru,
860 2604 970 2672 vestra,
988 2597 1056 2680 cuja
1069 2615 1159 2660 casus
1180 2617 1245 2662 asse
1257 2599 1341 2663 abla·
1396 2605 1473 2672 tutta,
1485 2613 1563 2670 aas,
1580 2603 1688 2672 noster,
1703 2603 1817 2672 vestem
1831 2597 1915 2672 item,
1931 2595 2089 2658 dicaturus
2103 2595 2182 2658 bene
2197 2596 2235 2657 la·

492 2691 586 2769 tivos,
600 2709 662 2754 uon
676 2693 882 2758 accusativos?
897 2692 966 2757 Scio
985 2701 1114 2777 quantas
1131 2696 1295 2777 tragoedias
1308 2697 1339 2760 hi
1398 2693 1479 2756 tine:
1496 2692 1559 2754 Tua
1574 2691 1762 2756 adolescentis
1773 2693 1895 2754 interest
1904 2693 2036 2772 majores
2046 2699 2121 2755 natu
2130 2693 2235 2770 vereri;

494 2807 582 2852 casus
605 2790 802 2854 excimverint
821 2815 828 2856 :
844 2791 894 2855 alii
912 2792 994 2855 euim
1015 2811 1135 2856 summa
1155 2793 1185 2856 vi
1202 2794 1341 2858 nituntur
1396 2793 1463 2854 Mea
1488 2790 1612 2854 morulis
1642 2791 1737 2871 refert
1759 2790 1980 2873 rempublicam
2010 2790 2168 2870 vigilanter
2189 2790 2236 2852 ad-

493 2887 606 2953 ducere
620 2889 781 2952 accusandi
794 2907 872 2967 esse,
886 2890 997 2972 quibus
1010 2890 1167 2956 Plautinos
1180 2911 1216 2957 aa
1230 2893 1340 2958 'leren-
1396 2891 1579 2970 ministrare,
1590 2897 1621 2954 et
1633 2895 1745 2954 catera
1754 2889 1784 2953 id
1797 2907 1895 2969 genus
1905 2907 1961 2952 suo
1973 2889 2043 2952 loco
2055 2889 2199 2953 iuvenies.

546 3129 637 3210 271.
667 3131 841 3212 Verbum
865 3133 949 3234 mr,
976 3161 1045 3241 pro
1068 3133 1245 3216 ablativis
1265 3163 1368 3237 mco,
1398 3148 1479 3236 tou,
1504 3163 1594 3237 aua,
1619 3147 1768 3235 nostra,
1791 3146 1933 3233 vestra,
1960 3132 2234 3226 habetatum,

493 3266 617 3354 tunna,
633 3282 760 3352 mum,
777 3269 966 3358 nostrum,
982 3272 1166 3340 oestrum.

548 3378 694 3479 Cicero,
711 3381 759 3462 de
774 3381 955 3481 Finibus,
974 3383 1001 3462 l.
1019 3385 1066 3484 ll,
1088 3411 1125 3465 c.
1152 3386 1215 3484 11,
1239 3386 1290 3464 41
1313 3417 1323 3464 .·
1347 3384 1429 3467 «Si
1451 3357 1639 3466 memoria
1658 3385 1756 3465 forte
1776 3381 1974 3481 deiecerit,
1996 3393 2106 3460 tuum
2125 3392 2180 3460 est
2198 3387 2237 3458 ut

495 3530 676 3611 suggeras
701 3503 773 3614 (l).
793 3538 814 3580 »
833 3507 954 3606 ldem,
972 3509 1099 3609 Fam,
1122 3509 1149 3587 l.
1173 3511 1238 3610 Vl,
1254 3536 1317 3615 ep.
1334 3511 1372 3610 5,
1389 3512 1412 3588 2
1429 3540 1437 3591 :
1459 3512 1588 3591 «Puto
1603 3535 1822 3590 assemsum
1837 3505 2105 3611 quidsentiam
2119 3531 2240 3613 expo-

496 3654 604 3709 nere.
621 3662 642 3704 »
662 3629 833 3732 Ovidius,
848 3633 952 3712 Fast.
971 3633 1034 3734 lV,
1053 3661 1090 3712 v.
1109 3635 1186 3713 889
1204 3667 1212 3713 :

720 3874 723 3880 .
752 3823 843 3888 Nulla
856 3843 941 3890 mora
954 3831 1001 3890 est
1013 3843 1130 3910 operae3
1146 3837 1276 3892 vestrum
1289 3827 1372 3908 dare,
1387 3829 1508 3894 vincere
1521 3838 1654 3892 autrum
1666 3837 1719 3891 eat.

1227 4053 1504 4126 APPENDIX.

548 4213 640 4294 275.
670 4217 867 4322 Magnum,
891 4245 1074 4324 pureum,
1105 4233 1272 4320 tontum,
1300 4230 1487 4326 quantum
1508 4221 1725 4328 junguntur
1746 4222 1785 4301 in
1810 4221 1980 4330 genitivo
2009 4250 2099 4303 eum
2122 4223 2243 4303 verbis

493 4337 659 4419 Interest
671 4348 710 4421 et
723 4341 874 4446 Refert.

547 4463 695 4565 Cicero,
725 4467 853 4566 Fam,
883 4467 910 4547 l.
940 4468 1040 4566 XVl,
1066 4495 1128 4575 ep.
1160 4472 1176 4547 1
1210 4502 1217 4549 :
1248 4501 1269 4544 «
1291 4472 1426 4576 Magni
1452 4471 1499 4551 ad
1525 4470 1712 4551 bonorem
1741 4480 1915 4551 nostrum
1943 4476 2103 4552 intereat
2126 4499 2239 4578 quam

493 4587 663 4693 primum
679 4590 726 4669 ad
741 4591 884 4672 Urbem
899 4618 961 4672 me
976 4592 1123 4674 venire.
1139 4626 1159 4668 »
1175 4596 1295 4692 ldom,
1312 4598 1393 4694 Aa,
1408 4596 1434 4674 l.
1454 4596 1500 4691 ll,
1513 4621 1576 4700 ep.
1595 4596 1644 4675 23
1660 4627 1668 4674 :
1688 4628 1709 4669 ι(
1722 4597 1937 4698 Permagna'
1948 4604 2078 4677 nostra
2090 4601 2242 4678 auteres!

494 4722 598 4794 te....
617 4741 699 4796 esse
715 4717 859 4796 Romae.
874 4749 896 4791 »
916 4720 1021 4799 ldem
1036 4720 1082 4798 ad
1098 4719 1229 4816 Quint.
1247 4723 1329 4820 Fr.,
1347 4720 1373 4801 l.
1392 4724 1422 4820 l,
1439 4748 1503 4827 ep.
1524 4724 1561 4820 1,
1579 4747 1615 4802 o.
1639 4724 1677 4821 7,
1696 4721 1747 4802 20
1767 4753 1775 4800 :
1799 4754 1820 4795 «
1838 4723 1960 4800 Parui
1974 4726 2101 4823 refert
2117 4722 2188 4802 abs
2208 4731 2241 4800 te

494 4839 575 4945 ipso
592 4841 657 4947 jus
676 4840 764 4922 dici.
787 4843 1030 4949 »Pompeius
1051 4846 1232 4946 Lentulo,
1254 4845 1294 4925 in
1315 4847 1342 4926 l.
1364 4848 1447 4926 Vlll
1464 4847 1511 4926 ad
1528 4850 1629 4946 Ata,
1645 4872 1708 4952 ep.
1727 4848 1751 4926 6
1772 4879 1780 4926 :
1804 4879 1824 4920 «
1844 4848 1931 4928 Scio
1951 4853 2092 4954 quanti
2108 4847 2241 4954 reipu*

493 4963 603 5046 blicae
619 4969 785 5064 abstersit,
803 4993 938 5048 omnes
952 4967 1079 5073 copias
1094 4969 1135 5048 in
1150 4997 1271 5049 unum
1292 4971 1421 5051 locum
1436 4970 1562 5077 primo
1577 4998 1727 5078 quoque
1738 4980 1911 5076 tempore
1925 4972 2151 5054 convenire.
2167 5007 2189 5048 s

523 5299 562 5364 (1)
578 5299 1337 5372 OreltiusetTeubuer:udislmemoriatortedefecerim
1398 5309 1520 5372 Ernesti,
1544 5309 1671 5361 Lemaire.
1706 5309 1785 5361 Notat
1802 5309 1888 5361 olivet
1907 5309 2030 5362 babuisse
2054 5312 2199 5364 blanmium
2220 5319 2245 5361 et

492 5379 597 5432 omissls
617 5393 676 5446 quae
697 5389 853 5448 sequuntur.
876 5383 938 5434 ltem
958 5389 1034 5436 antea
1056 5385 1156 5448 olivet,
1176 5386 1339 5452 Lallemaud,
1398 5389 1551 5442 Lambtuum
1566 5404 1573 5442 :
1589 5391 1701 5442 «tuum
1711 5395 1750 5442 sat
1761 5396 1792 5442 ut
1806 5403 1966 5456 suggeras.»
