4630 6164
673 559 717 610 DE
738 555 1020 612 oonsrnuorlons
1040 555 1143 608 venet
1163 554 1295 606 ACTlVl.

729 943 913 1024 VERBA
956 941 1247 1022 COMMUNIA

172 1241 263 1324 326.
293 1245 422 1324 Verba
443 1243 680 1345 eommunia,
707 1243 856 1350 passiva
876 1241 1171 1351 significatione,
1194 1243 1429 1350 passivorum
1448 1268 1555 1324 more
1569 1250 1716 1323 sextum
1730 1265 1861 1322 casum

122 1367 311 1449 interdum
327 1367 551 1448 admittunt.
576 1368 707 1450 Cicero
722 1367 769 1447 ad
784 1369 989 1473 Nepotem,
1008 1365 1107 1473 apud
1123 1367 1260 1465 Prisc„
1278 1368 1305 1447 l.
1322 1369 1422 1468 Vlll,
1439 1395 1478 1475 p.
1497 1368 1573 1447 799
1592 1398 1600 1446 :
1624 1398 1645 1441 «
1659 1367 1741 1448 Hoe
1755 1365 1864 1447 resti-

122 1499 217 1573 terat
232 1493 360 1594 etiam,
378 1501 508 1573 atate
522 1493 621 1574 fietis
635 1491 1003 1598 appredererdonis.
1021 1525 1041 1566 >›
1060 1494 1183 1594 Idem,
1206 1493 1252 1573 de
1272 1495 1443 1592 Sonent,
1462 1519 1496 1574 e.
1518 1494 1579 1590 17,
1599 1493 1649 1570 99
1669 1524 1677 1570 :
1700 1523 1722 1564 «
1735 1489 1863 1572 lllirari

121 1643 158 1698 se
191 1643 271 1700 non
295 1617 409 1698 modo
439 1617 700 1726 diligentiam,
728 1615 931 1699 sedetiam
960 1617 1154 1698 solertiam
1178 1617 1279 1724 ejus,
1306 1645 1424 1724 aquo
1452 1629 1575 1698 essent
1595 1617 1663 1697 illa
1691 1619 1864 1697 9119999

120 1750 233 1848 91999
261 1741 463 1848 descripta.
481 1775 502 1816 9
521 1744 658 1838 Varro,
685 1741 786 1848 apud
804 1741 939 1841 Prise,
966 1768 1005 1847 p.
1023 1742 1099 1822 793
1119 1773 1127 1822 :
1151 1774 1172 1816 «
1191 1743 1244 1821 Ab
1267 1754 1398 1822 99999
1420 1744 1654 1822 hortaretur.
1676 1774 1697 1815 >›
1718 1740 1860 1840 Livius,

121 1866 146 1945 Ι.
173 1867 365 1963 XXXVII,
389 1893 424 1948 e.
452 1869 477 1946 1
505 1898 513 1947 :
545 1867 725 1947 «Omnis
753 1892 819 1946 ora
848 1865 1663 1972 9911119919999919199191199991.
1691 1899 1712 1940 »
1740 1865 1860 1962 ldem,

121 1992 146 2071 l.
165 1993 282 2092 XLV,
298 2019 332 2072 e.
351 1992 375 2072 6
394 2023 402 2073 :
425 2023 446 2066 «
460 1993 641 2082 Amicum
662 1994 707 2072 ab
729 1996 809 2098 zpso
831 2019 900 2098 per
921 2001 976 2073 lot
996 2018 1105 2073 casus
1128 2005 1340 2098 repertam.
1365 2025 1385 2066 9
1410 1993 1571 2093 Seneca,
1596 1991 1710 2098 epist.
1729 1991 1859 2088 99,1;

126 2117 399 2198 «infirmiores
427 2119 718 2198 aoalr'dioribas
748 2118 965 2198 tuebantur.
992 2150 1012 2191 »
1040 2117 1198 2197 Verrius
1215 2118 1376 2198 Flaccus
1401 2119 1501 2224 apud
1529 2116 1663 2216 Prisc,
1690 2142 1729 2221 p.
1755 2116 1827 2195 791
1852 2146 1860 2194 :

126 2241 383 2348 «Servilioque
400 2267 533 2323 eorum
555 2243 603 2324 ab
622 2243 805 2322 omnibus
827 2243 1130 2323 abominaretur.
1152 2275 1173 2317 »
1193 2243 1353 2342 Hirtiae,
1378 2241 1426 2323 de
1448 2242 1530 2322 ltel.
1559 2241 1698 2340 Atria,
1722 2267 1757 2320 e.
1783 2240 1832 2319 93
1852 2271 1860 2318 :

126 2398 145 2439 «
166 2366 278 2447 Caius
304 2366 461 2448 interim
482 2366 667 2475 Virgilius
698 2374 899 2473 postquam
928 2375 1027 2447 terra
1060 2367 1233 2473 marique
1266 2367 1439 2467 clausus,
1477 2393 1516 2447 se
1549 2365 1649 2445 nihil
1680 2364 1864 2471 prolicere

121 2489 325 2591 intellexit,
342 2516 473 2599 regem
489 2517 630 2600 vagum
643 2492 691 2572 ab
706 2491 858 2596 suisque
872 2491 1081 2592 desertum,
1099 2492 1144 2571 ab
1159 2493 1331 2571 omnebus
1344 2493 1560 2597 aspernari.
1575 2523 1595 2565 »

171 2618 459 2722 Nonnunquam
483 2616 654 2698 dativum
679 2644 748 2723 pro
775 2615 942 2697 ablativo
965 2617 1124 2698 habent.
1149 2616 1364 2718 Terentius,
1392 2616 1548 2697 Phorm.
1575 2623 1649 2696 aot.
1675 2618 1720 2717 ll,
1746 2642 1798 2698 se.
1826 2619 1862 2716 l,

121 2766 157 2820 v.
174 2743 273 2822 248:

513 2909 662 2975 Meditata
674 2907 748 2972 mile
762 2919 830 2973 sunt
843 2909 946 2974 omnio
959 2927 1028 2974 meu
1041 2909 1249 2976 incommoda.

149 3137 314 3190 19991999.
327 3136 490 3198 -Tirones,
504 3113 749 3198 maximepraesenn
769 3137 886 3199 tempore
901 3139 928 3185 et
941 3133 1102 3199 imperfecto,
1121 3149 1136 3186 9
1151 3133 1238 3187 verbis
1253 3133 1434 3188 eommunibus
1452 3133 1639 3200 significatione
1651 3133 1766 3198 passiva,
1780 3131 1863 3198 quoad

119 3218 174 3282 eius
186 3219 242 3270 lteri
257 3217 366 3282 poterit,
378 3215 555 3268 abstinebunt.
571 3214 714 3266 1199999119
735 3215 883 3267 testimonia
895 3228 947 3268 999
962 3222 1015 3266 ianr
1028 3227 1121 3268 eorum
1136 3229 1229 3282 causa,
1242 3230 1321 3282 quam
1336 3217 1363 3268 in
1376 3222 1557 3270 veteranorum
1570 3214 1678 3280 gratiam
1697 3213 1773 3266 911919
1791 3219 1865 3277 9999

119 3299 222 3365 quibus,
235 3313 281 3365 pro
293 3313 340 3351 sua
351 3298 486 3364 prudentia
499 3303 527 3350 91
536 3297 692 3362 eruditione,
705 3310 737 3349 99
750 3298 785 3348 sit
797 3297 922 3350 91991999
931 3297 1095 3361 judicabunt.

156 3505 201 3570 [te
212 3504 311 3570 verbis
321 3503 535 3570 communibus
547 3502 610 3585 agit
624 3501 737 3566 Gellius
748 3501 769 3564 l.
784 3501 852 3581 1111,
864 3522 894 3567 9.
910 3507 960 3566 ra.
1018 3521 1112 3586 quam
1121 3502 1261 3568 homines
1272 3502 1374 3586 aliqua
1381 3502 1527 3583 dignitate
1536 3502 1766 3578 antecedentes,
1778 3501 1864 3564 cultu

119 3601 283 3682 Sabjieiam
299 3603 466 3683 nonnulla;
484 3608 604 3682 catera,
624 3601 647 3664 si
665 3599 795 3679 vacabit,
810 3598 960 3682 perleges.
1018 3602 1154 3684 quodam
1176 3601 1345 3666 ethonore
1366 3601 1543 3682 dr'paoatar.
1563 3623 1579 3660 9
1601 3599 1723 3663 Asinius
1742 3597 1860 3663 Pollio:

124 3724 139 3760 ι
158 3701 245 3778 Utor,
264 3701 375 3784 199911,
394 3707 425 3765 91
446 3721 559 3780 vereor,
579 3707 612 3763 et
630 3700 745 3778 bertar,
765 3705 796 3762 et
817 3701 958 3774 murator,
1022 3722 1038 3761 a
1058 3699 1118 3764 Sed
1130 3719 1202 3764 cum
1221 3699 1261 3764 ob
1281 3719 1317 3762 ea
1331 3718 1399 3782 999
1417 3717 1609 3781 speraveram
1628 3697 1781 3775 dolebam,
1794 3717 1861 3760 eoa-

116 3799 292 3864 eommunia
305 3799 397 3863 verba
408 3806 489 3878 sunt,
505 3819 541 3863 ae
554 3798 614 3862 diei
629 3803 760 3879 utroque
776 3816 879 3860 versus
890 3816 961 3878 pos-
1016 3797 1136 3860 solabor
1145 3797 1186 3861 ob
1200 3817 1236 3862 99
1250 3815 1320 3880 quae
1333 3797 1433 3860 timui.
1451 3796 1605 3872 »Tacitus
1618 3795 1744 3874 Annal,
1755 3794 1777 3856 l.
1793 3794 1860 3874 llll,

117 3904 185 3960 sunt
199 3915 208 3961 :
224 3917 328 3961 vereor
342 3906 370 3960 te
388 3905 420 3960 et
437 3917 541 3962 vereor
555 3896 605 3958 abs
623 3905 661 3971 te,
676 3896 779 3972 idest,
795 3902 830 3958 tu
847 3913 896 3958 rna
911 3913 962 3958 ve·
1018 3915 1046 3960 e.
1065 3902 1085 3962 9
1099 3921 1107 3961 2
1127 3896 1352 3977 «insignatam
1376 3894 1534 3959 consulem
1550 3893 1727 3958 llemminur
1750 3893 1862 3958 Pollio·

117 3997 208 4077 reris;
225 4005 296 4058 ator
310 4005 463 4058 testator
481 3995 531 4058 obs
546 4005 586 4073 te,
603 3993 633 4057 id
646 4000 704 4071 est,
719 4003 753 4057 tu
775 4012 826 4056 me
848 3991 940 4057 uteris
947 4011 958 4074 3
1017 4014 1089 4060 nem
1099 3994 1274 4077 ingentibus
1287 3993 1441 4077 promissis
1454 3993 1605 4076 inducunt
1616 3992 1797 4057 sententiam
1809 4012 1862 4056 ex·

117 4091 220 4157 tortor
236 4103 266 4157 te
279 4099 311 4157 et
327 4093 432 4156 tortor
445 4093 496 4156 aba
514 4101 552 4170 te,
573 4092 676 4170 idest,
696 4098 730 4154 tu
750 4110 800 4154 me
814 4089 958 4172 hortaris3
1017 4110 1158 4175 proruere
1165 4140 1176 4171 ,
1190 4112 1251 4175 999
1267 4093 1440 4156 hortaretur
1451 4095 1493 4172 (l)
1510 4091 1653 4156 Claudius
1672 4090 1861 4172 despondero

117 4202 205 4256 testor
233 4209 360 4274 999999
386 4197 419 4254 91
440 4189 620 4273 interpretor
641 4188 860 4269 significatione
884 4190 960 4253 reci·
1017 4191 1172 4255 Octaviam
1183 4188 1705 4270 Domitio.»Plautus'lrinumaot
1720 4188 1857 4269 ll,se.2,

117 4311 207 4375 proca
225 4292 381 4356 dicuntur.
401 4292 478 4355 Sunt
492 4299 596 4355 autem
613 4292 705 4355 verba
719 4291 785 4354 999
802 4291 905 4355 omnia
922 4311 960 4354 ex
1017 4309 1047 4354 v.
1061 4293 1101 4354 86
1119 4311 1129 4354 ε

117 4391 211 4454 altera
223 4399 312 4473 parte
325 4389 468 4454 inusitato
476 4409 487 4470 3
503 4397 532 4454 et
541 4407 579 4453 an
593 4389 675 4453 dicta
685 4387 747 4450 sint
757 4388 787 4450 in
799 4405 869 4452 eam
883 4407 960 4470 999-

115 4509 172 4571 999
187 4497 310 4572 partenr
324 4488 418 4573 quari
435 4491 524 4554 solet.
539 4510 554 4548 9
570 4488 650 4552 citat
663 4485 828 4550 nonnullos
845 4485 960 4569 priseos
1078 4485 1227 4551 1199991919,
1239 4487 1443 4555 veruningento
1458 4485 1618 4554 adipiseitur
1631 4488 1765 4553 septenus.

115 4595 267 4652 auctores.
286 4587 468 4665 Priscianus,
483 4589 503 4650 l.
526 4585 606 4664 lllll,
620 4605 651 4666 p.
672 4587 848 4647 19391191
863 4582 959 4645 multa

115 4686 204 4749 rerba
217 4691 368 4766 numerat,
385 4685 602 4769 9999119919
622 4681 761 4765 prasenti
777 4687 914 4763 tempore
929 4688 961 4744 et
1016 4676 1160 4757 Ovidius,
1176 4679 1265 4744 'l'rist
1280 4679 1330 4757 lv,
1345 4680 1425 4760 eleg.
1439 4681 1471 4756 8,
1487 4697 1516 4741 v.
1533 4682 1591 4754 19,
1609 4677 1726 4760 palmas
1740 4675 1860 4758 adeptos

113 4781 296 4866 imperfecto
310 4779 896 4864 sunteommunia,exquibusnonnulla
907 4779 960 4842 de·
1016 4776 1093 4839 dixit
1105 4779 1231 4858 passive.
1254 4777 1382 4854 Gellius,
1399 4778 1420 4839 l.
1441 4776 1507 4856 XV,
1522 4795 1551 4838 9.
1568 4778 1586 4837 1
1603 4794 1611 4838 :
1629 4774 1859 4839 «Observatum

114 4881 467 4964 scripsirnus.Cioeroad
480 4882 629 4965 Nepotem
644 4899 652 4943 :
665 4878 749 4953 «Qut
762 4877 864 4958 99991,
878 4878 958 4942 ultro
1015 4874 1047 4936 in
1065 4876 1162 4937 multa
1180 4875 1344 4939 hominum
1363 4873 1528 4952 memoria,
1543 4881 1756 4955 expertamque
1773 4871 1860 4935 estin

113 4981 282 5062 appetitum
303 4982 356 5062 qui
371 4987 418 5046 est
437 4999 564 5065 pauper,
586 4986 777 5062 aspernatur.
789 4976 915 5055 aldem,
928 4977 959 5041 in
1015 4975 1184 5040 senioribus
1207 4974 1363 5056 plerisque
1384 4972 1543 5052 omnibus,
1560 4975 1619 5034 ete.
1636 4993 1652 5030 9
1668 4969 1789 5047 Cicero,
1803 4988 1859 5051 pro

113 5077 251 5143 OEoon.:
276 5078 409 5144 «Homo
430 5099 468 5144 ex
487 5098 524 5144 eo
543 5095 673 5144 numero
698 5075 881 5151 hominnm,
905 5077 957 5157 991
1015 5072 1106 5137 Rose.
1125 5073 1243 5154 Amen,
1260 5091 1287 5135 c.
1309 5075 1360 5150 13,
1379 5073 1438 5135 311
1457 5069 1523 5143 Quo
1542 5087 1606 5134 uno
1625 5066 1776 5132 maletieio
1796 5083 1860 5129 soe·

114 5177 194 5259 apud
207 5195 264 5242 nos
278 5177 337 5242 hoe
346 5178 471 5243 nomine
485 5177 661 5260 1119999199.
676 5197 692 5235 a
706 5173 791 5238 ldem
807 5192 815 5237 :
829 5197 844 5234 r
861 5173 957 5256 Cupio

114 5293 184 5337 eum
201 5281 266 5338 tarn
287 5275 435 5340 invidiosa
453 5277 578 5342 fortuna
594 5273 754 5357 eorrpleen'.
771 5270 896 5346 aldem,
919 5272 958 5334 19

115 5369 247 5452 lubeat,
263 5373 338 5452 111,
352 5393 380 5438 c.
399 5378 448 5452 53,
466 5377 520 5439 161
537 5392 546 5439 :
565 5369 789 5438 «Obseruantia
801 5373 891 5448 (est),
902 5387 957 5451 per
1046 5385 1080 5450 (1)
1098 5382 1290 5448 11999999.
1304 5379 1358 5432 tlt.
