4680 6166
464 460 489 540 2

463 621 498 680 ut
509 617 568 695 laic,
581 616 657 694 boc,
672 617 723 680 loe
735 615 777 679 ita
789 613 1000 697 pronuntient,
1015 616 1052 676 ut
1062 611 1200 678 vocalem
1214 627 1307 693 quam
1363 609 1440 674 rium
1452 611 1634 676 coeuntibus
1647 613 1725 679 inter
1737 631 1770 678 se
1782 613 1904 697 syllabis
1916 614 2073 677 catenatos
2084 615 2115 674 et
2129 611 2211 675 velut

461 714 501 778 de
523 734 581 779 suo
600 713 727 792 addunt,
748 714 856 796 procul
876 711 1034 793 abjiciant3
1054 731 1077 774 c
1090 709 1121 773 in
1144 709 1306 792 pristinum
1364 707 1579 791 confragosos,
1605 731 1700 795 quam
1725 711 1898 776 citatissime
1921 709 2042 774 volvant
2049 726 2061 790 3
2090 709 2211 790 χαλεποί

461 819 573 878 statum
586 813 726 878 restituet
737 829 773 875 ac
786 809 1034 892 frequentissime
1046 808 1211 874 inculcabit
1223 825 1308 871 eom·
1364 826 1464 888 graece
1481 817 1639 875 uocantur.
1664 811 1726 876 Res
1749 813 1870 876 modica
1891 809 1993 890 diotu3
2021 827 2083 893 qua
2110 814 2211 872 tamen

460 912 609 995 pendium
631 930 696 976 esse
723 910 855 974 duarum
872 909 1029 973 literarum
1051 929 1067 971 c
1092 913 1124 971 et
1152 929 1179 986 a,
1205 926 1307 989 neque
1364 907 1490 988 omissa,
1508 909 1607 974 multa
1620 911 1731 993 liuguae
1744 912 1830 988 vitia,
1848 909 1905 975 uisi
1917 907 2024 993 primis
2038 907 2213 972 eximuntur

461 1008 642 1075 aliterdisit
660 1008 919 1092 pronuntiandum
933 1027 1017 1086 esse,
1034 1025 1128 1089 quam
1142 1006 1167 1070 si
1181 1025 1235 1087 per
1247 1025 1263 1068 c
1277 1010 1309 1070 et
1364 1006 1471 1086 anuis,
1496 1007 1710 1080 inemendabili
1735 1010 1767 1073 iu
1795 1015 1953 1094 postemm
1978 1007 2127 1091 pravitate
2154 1007 2211 1071 du·

461 1131 475 1172 a
498 1109 680 1174 scriberetur
705 1127 714 1171 ε
739 1098 838 1171 deecit
858 1105 1042 1188 Rubiqinam
1058 1105 1090 1168 in
1104 1103 1308 1170 elementariis
1363 1111 1509 1170 rantur.»

461 1208 541 1271 ludis
561 1211 748 1272 contractam
775 1204 1006 1287 diligentissime
1033 1203 1157 1285 deteget
1163 1222 1174 1284 3
1204 1203 1235 1265 in
1262 1203 1309 1266 bis
1404 1202 1545 1268 latinum
1562 1205 1765 1288 Alphabetum
1780 1207 1829 1272 vel
1842 1207 2012 1289 syllabatim
2025 1208 2212 1271 dictarenon

462 1305 544 1370 enim
564 1307 663 1371 multa
682 1304 825 1386 variaque
837 1302 1092 1386 pronuntiationis
1106 1309 1240 1366 monstra
1255 1320 1308 1364 ua·
1365 1302 1541 1385 erubescet3
1570 1304 1705 1388 alioquin
1737 1306 1767 1368 id
1803 1307 1887 1389 quod
1915 1326 1995 1390 saepe
2020 1326 2079 1371 usu
2105 1305 2213 1382 veuit,

462 1412 605 1483 scuntur3
630 1403 703 1468 bino
717 1402 904 1485 ¹frequentes
932 1401 975 1465 illi
997 1399 1200 1464 barbarismi:
1223 1399 1307 1478 Deio,
1365 1405 1435 1482 post
1453 1403 1565 1467 multos
1587 1422 1684 1468 annos
1701 1404 1894 1487 onalphabeti
1910 1405 2115 1488 reperientur,
2142 1425 2214 1482 ane,

460 1505 543 1583 meio,
558 1502 675 1582 neum,
689 1502 806 1580 nutum,
820 1502 909 1578 meio,
921 1501 1037 1578 meam,
1054 1501 1153 1576 moos,
1169 1498 1309 1563 nostrati·
1366 1519 1427 1578 ene,
1447 1520 1527 1579 erre,
1549 1506 1580 1565 et
1603 1502 1661 1567 alia
1678 1503 1725 1567 bis
1749 1503 1899 1569 deteriora
1917 1505 2071 1568 literarum
2091 1504 2214 1567 nomina

460 1603 517 1667 bus
536 1602 639 1666 inore
657 1607 746 1679 sunt,
765 1599 914 1682 siquidem
935 1600 948 1661 i
966 1607 1035 1682 post
1058 1599 1307 1682 epronuntiant,
1366 1598 1546 1679 perridicule
1565 1607 1757 1684 usurpantes.
1777 1600 1868 1675 Quod
1887 1602 1912 1665 si
1930 1601 2082 1684 professor
2101 1601 2132 1665 id
2153 1601 2216 1667 exi-

461 1699 580 1783 quoties
600 1697 693 1762 dictio
715 1698 746 1761 in
766 1698 896 1779 syllabas
922 1717 1002 1774 eum,
1024 1717 1069 1775 eo,
1089 1717 1147 1775 eos,
1166 1716 1243 1774 eom,
1261 1717 1308 1774 eo,
1365 1695 1500 1759 stimabit
1517 1697 1662 1761 humilius
1675 1717 1741 1762 esse
1754 1717 1847 1782 quam
1864 1706 1899 1763 ut
1917 1719 2007 1764 suum
2024 1699 2215 1784 gymnasium

461 1817 510 1861 eoa
531 1797 652 1862 desinit.
676 1797 754 1861 ilino
771 1796 871 1860 eidam
882 1797 978 1862 tertio
995 1815 1120 1879 quoque
1141 1795 1233 1859 verbo
1253 1813 1309 1877 pro
1366 1794 1486 1875 deceat,
1502 1797 1665 1880 potiusque
1676 1797 1715 1861 ad
1729 1797 1942 1863 elementarios
1960 1798 2216 1880 abecedariosque

462 1899 562 1962 etiem
574 1897 609 1961 ln
618 1897 727 1960 iisdem
737 1895 903 1978 syllabariis
915 1895 1027 1960 scholis
1038 1896 1183 1978 pleraque
1196 1896 1310 1974 omnia,
1368 1892 1526 1975 magistros
1543 1901 1698 1977 spectare,
1717 1895 1891 1959 meminerit
1903 1903 1934 1960 et
1947 1915 1979 1960 se
1993 1903 2023 1962 et
2039 1915 2108 1960 earu
2122 1914 2216 1979 quam

463 2015 533 2080 quae
554 2013 646 2079 supra
667 1993 809 2074 diximus,
834 2000 900 2080 orta
922 2002 994 2057 sunt
1013 1993 1114 2058 vitia:
1137 2011 1209 2058 nam
1236 1993 1310 2058 dum
1367 1991 1526 2073 profitetur
1553 2000 1650 2058 mtem
1673 1993 1712 2058 ab
1741 1994 1902 2059 elementis
1923 1994 2077 2079 literisque
2103 2012 2216 2059 nomen

462 2094 555 2159 rerba
575 2094 757 2159 articulatim
780 2092 1013 2176 syllabatimque
1037 2092 1140 2174 potius
1162 2092 1312 2157 mandunt
1369 2091 1505 2155 baxuse.
1520 2091 1583 2156 Nos
1596 2097 1694 2171 certe,
1710 2087 1902 2176 quoniam'in
1920 2094 2030 2158 eadem
2048 2112 2214 2171 versamur,

462 2213 556 2278 quam
579 2198 705 2273 sonant,
730 2193 834 2256 literas
854 2192 927 2256 alias
948 2190 1124 2270 detrabunt,
1148 2191 1221 2254 aliis.
1236 2191 1311 2255 alias
1369 2189 1470 2272 ipsum
1489 2205 1552 2254 non
1564 2189 1655 2254 nudis
1672 2190 1788 2272 formis,
1807 2191 1862 2257 sed
1873 2190 1972 2276 plenis
1990 2192 2165 2256 nominibus
2182 2190 2218 2254 li·

461 2298 660 2377 parmutaut,
693 2311 784 2358 sonos
813 2291 933 2372 tingunt
961 2309 1058 2355 novos
1085 2297 1117 2355 et
1146 2289 1310 2355 inauditos.
1369 2287 1545 2352 beatissime
1559 2288 1779 2371 subjiciemus:

463 2391 562 2466 Quare
574 2391 769 2473 congerenda
781 2395 828 2455 est
838 2407 948 2472 magua
962 2388 1124 2452 rerbomm
1137 2388 1222 2466 silva,
1235 2407 1313 2472 quo·

464 2509 534 2556 rum
547 2488 753 2573 pronuntiatio
766 2487 916 2552 difficilior
928 2487 981 2564 sit,
998 2487 1182 2570 quibuscum
1194 2486 1311 2551 tamdiu
1424 2445 1471 2544 A,
1499 2446 1569 2546 Be,
1600 2448 1665 2545 Cer
1694 2445 1764 2548 De>
1793 2446 1843 2547 Er
1872 2446 1945 2550 Est
1974 2444 2039 2544 Ger
2069 2445 2148 2544 Har
2177 2443 2212 2543 Ia

463 2589 534 2655 novi
562 2588 732 2672 palestrita
762 2586 974 2662 luctabuntur,
1008 2585 1107 2649 donec
1137 2585 1257 2650 devicta
1283 2591 1315 2650 et
1370 2569 1518 2676 Kappa,
1535 2569 1603 2671 El,
1620 2571 1710 2672 Em,
1726 2570 1804 2670 En,
1823 2573 1864 2664 0,
1882 2575 1954 2671 Pe,
1973 2570 2043 2672 Qu,
2058 2569 2129 2670 Er,
2143 2568 2212 2669 Es,

462 2686 787 2772 prostratalmdissima
798 2685 1130 2768 barbariasepalmstru
1143 2683 1313 2766 gymnasio-
1374 2694 1426 2775 Te
1466 2695 1501 2776 [J
1532 2695 1582 2775 1oe
1623 2695 1789 2802 ypsylon
1824 2696 1935 2776 ΖΜ.

463 2805 525 2870 que
545 2785 723 2850 extrudatur
742 2790 774 2850 et
795 2785 1030 2868 inperpetuum
1053 2783 1216 2865 relegetur.
1246 2784 1312 2848 Hoc
1426 2756 1439 2794 ⁷
1499 2757 1509 2796 ’
1582 2757 1595 2795 '
1793 2758 1803 2796 ²

462 2885 547 2951 idem
559 2885 688 2964 Fabius,
707 2887 730 2948 l.
747 2884 776 2962 1,
792 2903 820 2949 c.
834 2887 868 2963 l,
884 2884 917 2948 in
931 2883 1009 2964 line,
1026 2883 1224 2948 vehementer
1237 2903 1314 2967 prm·
1409 2883 1502 2948 ldulta
1524 2882 1677 2966 denique,
1697 2903 1738 2949 ne
1757 2883 1876 2966 longior
1894 2883 1966 2961 sim,
1989 2883 2148 2947 tiruucmis
2173 2881 2220 2948 di·

464 2985 639 3068 captoribus
652 2985 860 3063 commendat,
873 2983 920 3047 his
932 2982 1033 3048 verbis
1048 3004 1056 3046 r
1072 2980 1313 3046 «Nonalieuum
1369 2982 1494 3061 moda,
1516 2983 1613 3046 multa
1632 2982 1816 3047 dediscenda
1836 2987 1919 3061 sunt,
1941 3000 1997 3066 pro
2018 2981 2107 3046 variis
2124 2983 2220 3046 natio-

464 3083 558 3148 luerit
571 3085 692 3166 exigere
715 3084 754 3148 ab
771 3083 818 3147 his
834 3083 991 3162 aetatibus,
1009 3101 1073 3165 quo
1090 3081 1129 3146 sit
1146 3081 1313 3146 absolutius
1369 3101 1445 3146 uum
1469 3082 1581 3164 linguis
1606 3088 1639 3146 et
1664 3083 1761 3162 vitiis,
1791 3102 1860 3166 quaa
1886 3089 2055 3166 preceptor
2080 3101 2137 3165 pro
2161 3101 2220 3145 sna

465 3201 500 3247 os
517 3188 550 3247 et
566 3183 737 3267 expressior
757 3201 868 3262 sermo,
888 3187 923 3247 ut
940 3181 1067 3246 nomina
1087 3181 1229 3265 quadam
1245 3199 1314 3246 ver·
1369 3182 1530 3263 prudentia
1548 3199 1586 3246 ac
1598 3181 1769 3248 eruditione
1789 3182 1881 3247 etiarn
1900 3186 1994 3266 atque
2011 3182 2103 3246 etiam
2119 3180 2219 3244 consi·

465 3299 578 3367 suaque
591 3283 740 3350 affectato
751 3279 937 3348 tbffiotdtatis
954 3300 993 3347 ex
1010 3280 1148 3365 pluribus
1162 3287 1195 3347 et
1212 3299 1314 3366 asper
1369 3279 1499 3348 derabit.
1566 3298 1569 3304 ·
2147 3300 2150 3306 ·
