4630 6164
451 513 528 594 280
1004 546 1048 600 oa
1068 543 1350 601 consrnncrrous
1370 543 1474 600 vnum
1494 545 1628 600 acrrvr.

450 675 565 758 Sequor
576 673 681 758 doum,
702 677 862 760 amplector
884 677 1034 762 hospitem.
1047 715 1086 728 -
1099 680 1292 746 Postremum
1348 695 1431 762 queo,
1449 675 1611 759 vindemio,
1631 685 1725 758 metm
1745 681 1893 760 protom
1910 675 2023 761 quibus
2036 695 2087 742 res
2101 676 2192 758 verbi,

449 773 747 855 genusampleotitur
758 775 903 841 nonnulla
911 776 1006 842 verba
1014 777 1122 843 mutila
1134 779 1197 844 sive
1209 779 1293 843 dele·
1348 795 1404 841 sou
1416 792 1561 841 mansura
1576 773 1623 840 rei
1634 774 1768 855 additur,
1782 780 1819 839 at
1832 792 1842 838 a
1855 775 1921 838 uico
1939 777 2044 852 citam,
2060 784 2194 855 rectem

449 871 537 942 cliva,
561 871 736 953 cujusmodi
758 879 857 938 sunt:
880 875 960 954 uoci.
981 877 1111 955 memini,
1132 876 1236 959 pudet,
1261 882 1292 941 et
1348 874 2191 954 currooumrn,etodiumPostremocommnniaomnia,

448 974 558 1032 celera
572 969 733 1050 ejusmodi.
753 969 831 1034 ltem
843 989 912 1056 quae
924 975 1141 1038 neutro-actico
1155 974 1227 1038 licet
1239 991 1293 1056 ap·
1349 991 1421 1037 cnm
1433 972 1587 1038 actionem
1600 973 1784 1056 significant,
1798 973 2008 1038 accusativum
2022 974 2159 1054 exigunt.

448 1065 573 1148 pellere,
601 1069 689 1150 cujus
710 1068 833 1150 generis
857 1078 930 1136 sunt
957 1090 967 1135 z
989 1071 1119 1151 andelo,
1146 1072 1290 1151 ermberoo,
1388 1071 1590 1155 Imponenda,
1605 1090 1679 1137 cum
1699 1071 1844 1136 latissime
1866 1079 2003 1154 pateant,
2025 1090 2096 1136 nam
2115 1091 2197 1156 que·

446 1183 546 1248 crepo,
560 1167 664 1245 calleo,
677 1166 772 1246 doleo,
787 1168 905 1250 dormo,
923 1169 1077 1254 iudipnor,
1095 1171 1221 1254 iopemo,
1244 1171 1291 1234 in·
1349 1169 1422 1233 dam
1439 1169 1665 1251 interrogandi,
1679 1169 1739 1234 alia
1752 1169 1858 1250 dandi,
1873 1169 1931 1233 alia
1948 1169 2125 1248 accusandi,
2140 1169 2195 1232 alia

446 1261 550 1332 clamo.
580 1265 679 1341 letor,
708 1285 825 1348 moneo,
851 1287 975 1347 mereo,
1003 1268 1180 1352 obstupesco,
1209 1289 1291 1346 roro,
1350 1265 1485 1350 denique
1506 1274 1593 1332 sexto
1616 1286 1689 1333 casu
1712 1267 1858 1350 gandent,
1886 1267 1943 1331 hac
1966 1268 2103 1346 ratione,
2127 1285 2195 1351 quc

446 1379 527 1439 roco,
551 1361 634 1440 mdo,
661 1362 776 1442 studeo,
801 1365 978 1430 stomachor.
1005 1366 1124 1445 Cicero,
1149 1367 1229 1430 Phil.
1252 1367 1292 1444 ll,
1349 1365 1558 1429 accusativum
1571 1372 1692 1448 petunt,
1707 1365 2089 1449 deprehendemveroum
2102 1366 2195 1448 depo-

447 1476 475 1520 c.
505 1460 559 1538 ll,
589 1461 629 1524 30
658 1477 666 1524 ε
700 1461 876 1526 «Edormi
898 1465 1070 1548 crepidem,
1094 1465 1233 1548 inquam,
1261 1472 1293 1528 et
1350 1481 1428 1528 neus
1449 1470 1504 1528 ant
1529 1464 1722 1530 transitivum
1742 1470 1797 1529 aut
1822 1463 2044 1529 intransitivum
2069 1469 2127 1529 eat.
2152 1464 2196 1528 lic

446 1556 598 1621 erdale.»
616 1555 736 1624 Terent.
740 1604 752 1638 ,
766 1560 897 1645 Adelph.
909 1569 970 1628 aot.
986 1561 1036 1642 lv,
1052 1583 1096 1628 sc.
1112 1569 1125 1628 l
1131 1609 1142 1642 ,
1161 1583 1190 1628 v.
1207 1565 1290 1628 5³5:
1350 1561 1543 1628 intransitivis
1560 1562 1634 1628 satis
1645 1563 1762 1629 dictum
1781 1569 1839 1630 est.
1863 1561 2045 1642 Transitiva,
2058 1581 2128 1647 quae
2145 1581 2195 1645 ge·

509 1735 622 1754 ·····
639 1702 694 1770 ²⁸⁰
707 1703 778 1758 ¹¹¹¹⁰⁸
792 1717 898 1759 ...m
913 1705 1125 1772 ...unc
1349 1659 2194 1844 l‘lllrlllllltlllllllvelut:

445 1831 578 1945 sillem,
594 1853 646 1918 ep.
661 1839 719 1915 ⁰5,
734 1839 774 1902 25
792 1857 802 1902 ἓ
825 1863 841 1902 t
860 1839 928 1906 Non
947 1843 1201 1909 contremimmm
1215 1846 1293 1929 inju·
1349 1856 1513 1921 accusandi
1528 1876 1635 1923 casum
1646 1864 1786 1942 poscant.
1799 1858 1890 1934 Quod
1901 1858 1984 1923 idem
1997 1858 2037 1923 de
2051 1857 2088 1924 iis
2100 1875 2194 1944 quaec

446 1953 521 2011 ΝΜ,
542 1951 605 2000 noll
626 1935 764 2016 valuero,
784 1955 847 2002 non
868 1939 995 2016 uinculo,
1014 1960 1078 2006 110ss
1091 1952 1289 2026 medidiem.»
1350 1953 1437 2020 iiim
1446 1955 1606 2036 finiuntur,
1619 1956 1737 2022 dictum
1747 1955 2102 2034 diiiiflfflssssfflssdffiffl
2115 1966 2193 2035 mul,

447 2027 739 2112 Plin5ffl›¹·le¹r⁰·
750 2037 798 2112 Η,
811 2037 1098 2106 litaPericulumco
1111 2048 1230 2107 tantum
1242 2043 1292 2108 die
1350 2069 1451 2136 neque
1465 2061 1518 2117 ant
1533 2053 1751 2138 interrogandi,
1764 2061 1819 2119 aut
1832 2053 1937 2134 dandi,
1950 2062 2003 2118 ant
2015 2062 2138 2118 sextum
2150 2075 2194 2118 cc·

448 2135 505 2208 est,
512 2129 538 2194 ei
544 2133 692 2196 roraverit
700 2136 1018 2222 quantulumcumque
1028 2140 1160 2206 imbrem.
1170 2165 1186 2202 r
1195 2141 1292 2222 ldem,
1349 2167 1417 2213 snm
1428 2151 1567 2234 exigunt,
1577 2151 1675 2217 activa
1688 2157 1770 2218 sunt.
1783 2151 1858 2228 Quor
1868 2171 1960 2217 cauea
1970 2171 2022 2217 me
2029 2151 2151 2236 impulit
2164 2157 2194 2216 ut

448 2225 583 2307 Mtte
599 2232 618 2293 5
633 2248 642 2295 ³
660 2231 811 2307 «Quanto
821 2239 855 2300 lu
868 2254 922 2300 ore
936 2237 1030 2320 patria
1043 2239 1144 2304 laudea
1157 2250 1251 2306 tonas.
1273 2265 1289 2302 o
1351 2247 1436 2329 prins
1449 2250 1488 2314 de
1500 2250 1602 2316 verbis
1613 2251 1746 2330 neutris,
1761 2267 1855 2335 quam
1867 2249 1973 2315 activis
1983 2269 2120 2332 agerem.
2136 2250 2193 2316 llu-

489 2325 701 2394 Conieramns‘
715 2351 785 2414 qum
810 2333 942 2400 diximus
965 2336 998 2401 iu
1019 2357 1128 2422 panca.
1153 2339 1252 2405 Verba
1276 2360 1293 2404 o
1350 2344 1403 2409 tila
1415 2366 1484 2431 quae
1495 2349 1668 2415 accusativo
1682 2350 1833 2432 gaudent,
1846 2367 1947 2433 pauca
1960 2355 2030 2413 sant
2044 2365 2054 2411 ε
2069 2350 2191 2427 memini,

450 2425 547 2505 linita,
562 2446 632 2511 quc
645 2428 749 2495 addita
761 2452 780 2493 r
793 2431 880 2497 litera
897 2434 977 2499 liunt
993 2436 1127 2518 passiva,
1142 2447 1178 2503 ut
1190 2441 1291 2516 londo,
1349 2443 1410 2524 odi,
1422 2447 1503 2526 oeci,
1512 2447 1581 2511 cedo
1595 2465 1651 2530 pro
1663 2448 1715 2527 do,
1727 2467 1786 2512 eme
1794 2465 1851 2531 pro
1859 2447 1954 2526 edere,
1960 2447 2097 2530 penitet,
2103 2447 2190 2530 piper,

451 2524 605 2606 'mul'mi
627 2524 701 2591 “⁰¹¹¹
725 2545 794 2610 quae
815 2529 856 2593 ad
880 2549 929 2596 ΝΒ
952 2539 1053 2598 mum
1073 2536 1237 2619 lleffisssssslr
1260 2545 1294 2603 υἱ
1345 2543 1449 2624 pudet,
1464 2547 1593 2624 mderet,
1609 2546 1783 2626 miserescit,
1797 2545 1899 2610 toedet.
1915 2545 2141 2610 Neutro-activa
2154 2545 2192 2609 la-

449 2639 526 2701 m,
539 2624 612 2700 ⁰⁰1⁰»
625 2624 745 2706 illam,
767 2627 846 2710 ripe,
862 2629 993 2710 portico,
1013 2651 1087 2713 occo,
1104 2643 1189 2716 pato,
1212 2635 1294 2700 clla·
1348 2642 1455 2724 pendis
1466 2645 1602 2726 probatis
1614 2643 1815 2728 scriptoribus
1827 2645 2027 2711 observanda.

486 2827 584 2906 294.
613 2842 805 2928 deponentia
822 2847 980 2914 literarum
991 2851 1098 2918 ordine
1111 2853 1248 2939 colliget,
1261 2860 1311 2926 cui
1324 2860 1422 2929 otioso
1436 2883 1503 2930 esse
1516 2864 1631 2930 iicebit.

628 3001 656 3064 Α
903 3007 1092 3091 Conqueror.
1353 3017 1501 3106 Eloquor,

452 3105 631 3174 Abomincr.
903 3107 1078 3178 Consector.
1354 3117 1522 3185 Ementior.

452 3205 624 3290 Adipiscor.

452 3301 623 3371 Admetior.

453 3400 609 3471 Admircr.

453 3498 597 3567 Adcrior.

455 3597 607 3668 AEmulor.

452 3699 632 3783 Aggredior.

453 3797 615 3884 Alloquor.

453 3895 656 3968 Architectar.

457 5143 667 5210 Commoraor.

455 5243 687 5310 Comminiscor.

456 5343 621 5411 Confiteor.

457 5443 568 5511 conor.

904 3205 1092 3293 Consequor.

904 3305 1062 3374 Concolor.

905 3401 1082 3488 Conspicor.

904 3501 1115 3589 Contemplcr.

903 3599 1076 3670 Convertor.

904 3699 1072 3769 contueor.

1083 3854 1110 3919 D

904 3967 1082 4038 Demerem.

904 4066 1072 4134 Demetior.

905 4165 1055 4232 Demiror.

904 4265 1073 4332 Demolior.

905 4361 1066 4429 Demoror.

905 4462 1089 4546 Dapcculor.

905 4559 1094 4650 Depopnlor.

905 4659 1071 4747 Deprecor.

904 4761 1059 4830 lietestcr.

905 4862 1052 4931 Diditeor.

906 5433 1014 5502 Effarie
1026 5435 1072 5500 vel
1085 5434 1190 5500 errare.

1354 3215 1505 3283 limatior.

1354 3312 1498 3380 Eracror.

1353 3409 1515 3480 Exhortor.

1354 3509 1515 3578 Exordior.

1355 3611 1522 3696 Exsequor.

1535 3761 1557 3828 F

1353 3875 1508 3945 Fabricor.

1354 3975 1497 4044 Fabulcr.

1354 4075 1438 4141 Faria
1450 4077 1499 4141 orl
1510 4077 1584 4144 lare.

1355 4173 1477 4242 Fateor:

1354 4273 1509 4343 Foencror.

1354 4373 1463 4439 Fruor.

1354 4473 1504 4542 Frustror.

1354 4755 1493 4823 llalluor.

1355 4851 1478 4924 necor.

1804 4333 1969 4400 llaclrinor.

1804 4432 1944 4499 ldcditor.

1804 4531 1932 4598 llentior
1938 4552 1999 4616 pro
2011 4529 2118 4598 innitar.

1804 4629 1933 4697 llercor.

1805 4729 1934 4796 lloreor.

1801 4829 1925 4896 lletior.

1804 4928 1937 4997 llinitor.

1804 5029 1913 5094 llinor.

1803 5127 1938 5193 lliseror.

1804 5225 1957 5292 lloderor.

1803 5324 1921 5391 llolior.

1802 5425 1915 5492 lloror.
