4654 6168
764 577 808 627 nr
837 575 1029 628 curramus
1057 576 1234 628 uouruuu.
1797 548 1870 627 145

127 713 233 771 nostrae
243 705 376 770 avaritia
391 706 527 770 tentabat
540 704 683 784 aflectus,
699 711 734 768 ut
750 707 897 770 vellemus
909 727 972 772 ser·
1067 707 1182 770 Porcio
1199 706 1324 789 quidam
1341 706 1575 787 averbograeco
1585 707 1699 787 πάσχω,
1714 706 1798 788 quod
1811 706 1874 788 pati

126 807 186 871 vire
199 807 324 870 divitiis.
338 805 396 870 rSi
409 812 555 870 ueutmm
569 812 661 886 esset,
676 827 810 870 mamona
825 827 897 872 casu
915 826 973 872 ac·
1028 805 1189 888 significat,
1202 806 1406 883 deduxerunt,
1420 804 1504 867 unde
1514 805 1554 867 ad
1566 804 1685 869 tertiam
1699 805 1873 868 declinatio

126 905 249 970 cusandi
264 905 423 970 dixissent.
1028 923 1099 968 nem
1112 911 1251 986 spectare
1265 922 1350 967 more
1360 903 1533 966 Graecorum
1544 902 1575 965 iu
1590 903 1797 966 oexeuntium
1810 921 1874 966 cre-

1029 1003 1190 1083 diderunt3
1219 1022 1292 1066 oum
1323 1021 1385 1066 nun
1417 1002 1609 1085 passionem,
1634 1001 1688 1065 sed
1714 1001 1873 1064 transitum

125 1161 210 1206 autem
221 1155 326 1220 gennis
337 1155 471 1208 masculini
486 1155 592 1220 lecerit,
606 1157 656 1208 lroc
671 1163 752 1222 patet,
766 1171 794 1209 n.
804 1157 853 1209 444
866 1171 873 1209 :
885 1175 898 1207 n
908 1161 972 1210 llam
1028 1100 1191 1217 signidem,
1214 1121 1237 1212 a.
1251 1101 1344 1164 verbo
1364 1101 1487 1213 liebraeo
1502 1100 1623 1184 ΝΜ
1646 1098 1728 1182 quod
1747 1097 1874 1161 tramite

125 1231 172 1282 etsi
186 1233 303 1296 suntqui
318 1245 475 1284 mammonae
489 1233 613 1297 serviant,
622 1240 709 1285 tamen
723 1247 774 1285 uon
784 1233 829 1285 ille
842 1237 915 1286 norit
925 1235 973 1286 ali·
1029 1201 1189 1279 ⁵¹ss¹¹¹i¹⁰³i·
1202 1199 1279 1263 V¹d⁰
1293 1200 1331 1264 D·
1347 1200 1577 1282 ffiemni'mum'
1594 1198 1800 1262 mmmmm·
1810 1196 1831 1258 ¹·
1846 1195 1874 1258 X

125 1311 243 1374 nntium
256 1311 439 1364 dominatus.»
453 1312 555 1378 Ubique
568 1326 630 1365 vero
644 1313 696 1365 duo
710 1326 737 1363 nt
752 1313 877 1366 scribunt.
1029 1299 1060 1362 in
1072 1298 1192 1379 isaiam,
1209 1318 1237 1363 0.
1251 1302 1301 1378 30,
1314 1299 1354 1362 de
1368 1299 1569 1364 celebratione
1583 1297 1714 1380 paschae.

270 1493 359 1573 152.
391 1495 541 1574 Nomen
556 1493 596 1574 in
611 1521 637 1574 o
651 1503 767 1577 teruae
782 1503 965 1576 neutrum
981 1504 1053 1596 est,
1071 1523 1141 1578 ceu
1154 1499 1306 1601 stipato,
1320 1508 1516 1598 ,torculum

389 1619 427 1697 E
446 1618 578 1699 latiale
599 1619 691 1725 petit
705 1629 902 1721 neutrum,
920 1621 1024 1702 velut
1038 1648 1141 1723 ocare,
1157 1623 1310 1702 orande.

391 1742 622 1824 Femineum
637 1753 693 1825 est
706 1748 802 1842 olor,
820 1747 1086 1852 Rhodopeque,
1099 1754 1138 1828 et
1152 1754 1439 1856 caeteragraeca.

164 1929 291 1993 Elitera
299 1931 398 2007 linita,
407 1931 431 1994 si
442 1931 502 1994 siut
514 1931 620 2009 latina,
629 1939 735 1996 neutra
748 1938 819 1995 sunt
832 1939 864 1996 et
874 1933 971 1996 tertiae
1027 1941 1111 2013 sunt,
1130 1935 1247 1998 duabus
1265 1935 1421 2000 vocalibus
1438 1935 1470 1998 in
1490 1953 1584 1998 unam
1599 1936 1772 1999 conductis.
1789 1932 1876 2000 Mitte

128 2027 335 2092 declinationis
343 2049 354 2109 ;
374 2029 420 2092 sin
436 2049 545 2110 graeca,
559 2031 665 2112 primm
678 2038 749 2095 sunt
761 2032 972 2095 declinationis
1029 2031 1249 2096 substantivum
1272 2041 1416 2097 neutrum
1433 2039 1488 2110 est,
1514 2034 1598 2115 quod
1612 2033 1769 2116 pluraliter
1783 2033 1877 2098 decli·

128 2133 157 2188 et
177 2127 296 2206 generis
317 2126 468 2190 seminini.
501 2128 579 2208 Ceto,
607 2128 711 2211 Tempe
731 2136 761 2192 et
779 2130 862 2208 mele,
886 2130 971 2212 quod
1028 2136 1116 2193 natur
1139 2131 1246 2208 millio,
1272 2131 1410 2208 cnidium,
1435 2137 1494 2194 etc.
1520 2131 1607 2194 Mille
1626 2131 1810 2211 adjectivum
1831 2139 1877 2195 est

128 2223 220 2286 rarius
228 2229 286 2303 est,
301 2235 410 2289 neutra
423 2232 495 2293 sunt
507 2233 539 2291 et
547 2227 673 2308 pluralis
686 2227 819 2307 numeri,
834 2226 972 2292 aGraecis
1029 2227 1128 2290 omnis
1137 2227 1266 2308 generis,
1281 2246 1383 2310 neque
1397 2227 1576 2291 declinatur.

129 2323 222 2403 aava,
236 2326 363 2404 τέμπεα,
374 2296 571 2405 pausatura
582 2329 666 2404 κήτη,
681 2329 790 2407 renui,
808 2326 971 2406 massada

269 2512 357 2593 153.
388 2513 410 2592 I
430 2514 575 2595 neutris
595 2515 761 2617 tribue¹3
778 2513 1105 2596 omaribuslinite
1119 2515 1316 2595 dabuntur
1335 2515 1364 2594 ².

390 2640 454 2719 list
474 2645 509 2719 io
531 2640 762 2740 femineum,
780 2640 895 2722 luerit
909 2639 940 2720 si
954 2639 1123 2744 corporis
1137 2641 1328 2745 expers³z

390 2762 460 2845 Cui
479 2792 571 2845 coro
583 2765 785 2874 jungatur,
802 2769 973 2864 calcada,
986 2767 1127 2868 portin,
1143 2764 1322 2869 quodque

389 2886 539 2969 Desinit
554 2888 594 2968 in
610 2890 671 2991 do,
687 2917 734 2996 po
747 2891 779 2991 ⁸,·
794 2887 941 2971 neutris
956 2886 1160 2969 adscribito
1172 2889 1298 2994 poncio
1308 2920 1319 2988 ,·

389 3014 589 3119 HarpopO,
614 3017 726 3115 cudo,
750 3018 855 3115 ordo,
872 3038 973 3115 mas3
989 3015 1082 3113 udo,
1100 3015 1231 3113 corda,
1250 3012 1417 3119 lipaque.

168 3173 178 3218 ¹
192 3167 345 3255 Utsioopi.
362 3206 399 3222 -
414 3176 428 3220 ²
441 3172 481 3238 Ut
491 3175 594 3257 papio.
609 3209 649 3224 -
663 3177 677 3222 ³
691 3174 731 3238 Ut
744 3176 838 3253 lectio,
853 3174 961 3238 oratio.
974 3174 1039 3222 -l
1053 3171 1092 3235 Ut
1101 3172 1236 3251 dulcedo,
1248 3173 1357 3256 imapn.

165 3341 280 3425 Sidopt,
293 3344 406 3426 pummi
418 3351 527 3409 neutra
540 3351 611 3410 sunt
620 3365 630 3426 3
647 3352 678 3410 at
689 3346 814 3428 sinopis,
832 3347 967 3428 nummis,
1027 3345 1090 3407 lina
1103 3349 1188 3424 sunt,
1198 3349 1234 3407 ut
1248 3345 1348 3427 popio,
1364 3347 1442 3423 anio,
1457 3342 1516 3410 hoo
1531 3351 1589 3424 est,
1604 3349 1789 3429 nmrporito:
1802 3367 1874 3412 nam

128 3436 279 3504 feminina.
295 3440 428 3520 Colum,
444 3443 467 3506 l.
480 3443 522 3522 X,
537 3463 566 3508 c.
582 3445 640 3508 444
655 3462 663 3506 :
1027 3444 1108 3522 unio,
1123 3443 1153 3506 id
1168 3449 1227 3519 est,
1240 3443 1408 3521 concordio,
1418 3462 1479 3507 non
1492 3449 1538 3508 est
1547 3463 1604 3508 cur
1613 3444 1781 3510 doceantur
1788 3446 1876 3529 pueri
1995 3452 1997 3462 ’

1027 3541 1209 3604 femininum
1225 3559 1304 3619 esse,
1319 3561 1391 3606 cum
1410 3542 1493 3623 apud
1505 3548 1623 3607 veteres
1636 3543 1763 3606 minime
1787 3562 1875 3627 repe·

187 3637 270 3706 seque
282 3639 420 3694 coessenti
432 3641 521 3694 netum
529 3642 759 3708 [acturosincptr.
1028 3640 1182 3703 riatur.—
1195 3639 1383 3717 Pandaron
1396 3640 1577 3720 declinatus,
1591 3640 1742 3722 significat
1753 3642 1873 3721 libram,

691 3738 705 3750 ‘
1028 3737 1194 3819 aliquando
1208 3737 1344 3820 pondus;
1363 3739 1447 3801 unde
1462 3737 1572 3816 livius,
1589 3740 1610 3802 l.
1626 3739 1676 3817 IV,
1692 3758 1721 3803 o.
1737 3744 1788 3818 40,
1804 3743 1876 3805 scri·

130 3817 221 3900 idem,
235 3823 257 3885 l.
279 3817 348 3902 illl,
367 3843 396 3887 c.
420 3827 473 3900 54,
492 3824 631 3888 amed·:
651 3846 667 3884 t<
687 3820 968 3906 Existimaruntque
1026 3835 1071 3898 bit
1091 3855 1236 3901 coronam
1261 3855 1386 3899 auream
1411 3837 1518 3900 librom
1537 3837 1635 3920 pondo
1653 3837 1718 3901 iovi
1741 3838 1873 3902 dicatam

128 3919 218 3984 salins
231 3941 298 3986 esse
318 3942 397 3986 nora
418 3924 500 3987 dolia
526 3924 640 4007 diemde
657 3924 769 4007 potami
787 3924 964 4006 perluere.»
1026 3933 1132 3998 luisse.
1157 3935 1313 3998 -Cordo
1335 3935 1415 4019 apud
1436 3936 1551 4018 priscos
1571 3935 1663 3998 etiarn
1690 3934 1873 4000 femininum

129 4016 227 4101 Frupi
236 4028 268 4083 et
280 4020 370 4084 nilrili
381 4022 423 4085 ait
432 4022 562 4102 Probus,
577 4023 599 4087 l.
614 4023 652 4100 ll,
667 4042 699 4105 p.
716 4026 806 4104 1446,
820 4042 886 4088 esse
902 4042 968 4088 orn·
1026 4029 1094 4094 luit.
1118 4029 1249 4114 Ἅρπαξ,
1266 4033 1391 4114 ἅρπαγος
1413 4034 1546 4097 mediam
1567 4034 1703 4116 corripit;
1719 4034 1789 4097 vide
1803 4034 1875 4117 Epi·

129 4116 174 4178 nis
185 4119 312 4198 generis.
332 4119 503 4186 Priscianus
522 4122 607 4185 addit
627 4123 723 4200 nouo',
740 4123 878 4206 mancipi,
898 4141 968 4204 quae
1026 4147 1155 4210 gramm.
1172 4132 1193 4193 l.
1210 4131 1248 4208 ll,
1263 4149 1313 4213 cp.
1329 4135 1360 4210 4,
1376 4150 1405 4195 v.
1421 4135 1441 4193 4
1456 4151 1464 4195 :
1483 4131 1524 4205 εἰς
1542 4132 1683 4214 ἅρπαγας,
1705 4134 1788 4196 unda
1806 4152 1873 4197 ver·

128 4224 224 4294 aptota
237 4219 470 4299 agrammaticis
481 4221 683 4303 appellantur,
695 4222 755 4285 hoc
766 4227 826 4300 est,
840 4222 905 4285 siue
919 4240 968 4285 ca·
1025 4227 1100 4290 burn
1122 4228 1264 4311 dorpapn,
1281 4230 1341 4294 hoc
1364 4235 1422 4307 est,
1440 4231 1538 4314 rapio,
1559 4239 1588 4294 cl
1605 4249 1717 4294 nomen
1739 4231 1873 4314 torpapo

128 4311 224 4396 sibus3
240 4317 290 4379 alii
302 4324 411 4400 putant
423 4337 513 4383 casus
526 4338 593 4383 esse
607 4321 760 4403 obliquos,
776 4320 967 4404 figurataque
1025 4325 1224 4406 penultimam
1243 4327 1421 4410 corripiunt,
1444 4336 1595 4411 quantum
1614 4329 1672 4392 hac
1695 4331 1873 4409 coniectura

126 4409 207 4492 jungi
229 4433 301 4476 curn
325 4416 469 4480 omnibus
492 4419 613 4482 casibus
638 4426 669 4482 et
690 4418 873 4501 generibus3
899 4420 968 4483 vide
1026 4424 1147 4506 assequi
1159 4444 1298 4507 possum,
1318 4434 1528 4509 quantumque
1546 4446 1583 4490 ex
1597 4427 1740 4491 Plautina
1752 4428 1873 4492 licentia

128 4505 322 4589 Priscianum,
337 4515 359 4575 l.
374 4512 413 4591 V,
427 4533 460 4598 p.
471 4517 542 4594 644,
558 4523 589 4580 et
601 4516 653 4597 vl,
662 4537 695 4600 p.
705 4520 777 4581 684.
1026 4523 1113 4604 potui
1122 4524 1284 4606 colligerc;
1301 4544 1372 4588 num
1386 4527 1478 4589 verbo
1491 4527 1679 4608 dorpopondi
1686 4532 1719 4590 et
1731 4525 1762 4589 in
1776 4526 1873 4591 Aulu-

167 4607 199 4670 lo
213 4610 306 4675 literis
324 4611 422 4691 linita,
443 4633 513 4696 qum
531 4634 597 4679 rem
618 4614 830 4698 incorpoream
851 4617 968 4697 signifi·
1025 4621 1184 4700 laniaret.
1201 4622 1238 4698 ll,
1251 4641 1295 4686 sc.
1312 4628 1342 4699 4,
1360 4643 1389 4685 v.
1409 4625 1461 4701 44,
1476 4625 1551 4687 etin
1564 4625 1728 4703 Pseudolo,
1743 4631 1804 4687 aot.
1818 4625 1870 4702 lv,

128 4711 206 4782 cant,
216 4707 290 4774 item
303 4711 450 4788 verbalia,
465 4713 610 4778 feminina
632 4722 714 4792 sunt,
730 4721 766 4778 ut
778 4716 910 4799 quaetio,
923 4736 970 4778 re·
1026 4738 1068 4784 sc.
1085 4723 1116 4798 4,
1132 4740 1161 4782 v.
1180 4722 1330 4799 Qutitur.
1345 4721 1435 4795 Quod
1454 4722 1566 4806 siquid
1581 4724 1691 4787 melius
1711 4722 1802 4787 alicui
1820 4741 1873 4786 oc·

126 4803 369 4893 pretammquae
378 4829 451 4877 vcro
460 4831 642 4920 corpoream
652 4814 837 4896 significant,
849 4833 969 4879 mascu·
1026 4821 1164 4898 currerit,
1175 4820 1382 4884 libentissimo
1395 4821 1497 4885 auimo
1514 4822 1749 4906 amplectemur.

265 5009 354 5092 154.
393 5009 436 5113 U,
453 5039 486 5112 c,
502 5014 531 5092 d
540 5013 591 5094 da
603 5013 763 5114 neutris,
780 5015 885 5096 velut
897 5015 951 5116 dd,
968 5042 1057 5097 cum
1072 5019 1166 5098 lacte
1178 5021 1361 5125 petatque.

165 5191 386 5262 Aioencutrum
396 5205 459 5278 est,
470 5199 605 5265 utdocet
615 5200 732 5264 Nonius
745 5200 880 5280 llarcel,
890 5221 918 5266 c.
933 5205 966 5281 4,
1025 5204 1143 5283 Horat,
1154 5205 1175 5269 l.
1189 5206 1226 5284 ll,
1238 5212 1296 5270 sut.
1311 5211 1343 5287 4,
1358 5211 1439 5271 1·.73
1455 5224 1464 5269 ε

7 5357 8 5366 .
126 5288 196 5370 394,
208 5293 253 5360 his
265 5297 449 5361 testimoniis
464 5316 473 5361 s
487 5297 601 5377 Plaut,
612 5297 717 5361 Aulul.
730 5298 878 5380 (Frugm.)
898 5323 906 5364 ι

1088 5374 1197 5390 .....
1214 5341 1269 5406 Ego
1278 5339 1366 5391 treceni
1376 5341 1483 5405 primus,
1494 5345 1521 5391 et
1531 5339 1690 5393 cinciniani.

192 5473 238 5536 Qut
250 5475 393 5531 mihiolera
402 5477 482 5530 cmda
491 5485 601 5544 ponunt,
610 5477 666 5532 atra
675 5480 783 5532 danunt.
920 5463 922 5470 ’
1025 5464 1123 5530 Locus
1135 5463 1224 5529 Plinii
1237 5473 1408 5548 001111ρί113,
1419 5467 1440 5530 l.
1455 5467 1567 5546 xlllll,
1582 5487 1611 5532 c.
1626 5469 1676 5546 ll,
1695 5473 1723 5544 l,
1735 5467 1766 5530 ill
1777 5485 1869 5532 causa

1693 5579 1731 5639 49
