4680 6166
370 543 374 552 .
421 476 472 554 24
1018 500 1062 551 na
1083 499 1272 554 vannonou
1293 497 1568 552 consacraneus.

459 633 594 710 Terent„
609 632 689 696 Eun·
705 638 763 694 flssl·
780 630 805 709 Ι,
820 649 863 694 ⁵⁰·
878 632 948 708 Ἡ·
964 631 1022 694 8⁴²
1329 647 1526 728 scripsimus:
1542 663 1614 708 narn
1625 662 1716 727 spero
1735 644 1801 708 lore
1821 651 1856 707 ut
1875 642 2050 725 plenissime
2070 643 2182 707 intelli-

482 758 556 810 Bonc
569 757 655 808 animo
670 769 706 808 ec.
1330 763 1383 826 gas
1396 745 1470 807 nihil
1484 750 1587 808 contra
1606 750 1660 806 ant
1677 750 1814 806 veterum
1828 741 2096 823 grammaticorum
2110 761 2184 805 sen·

458 863 577 946 Ecquid
599 864 664 926 haec
681 861 851 944 imperativi
870 861 988 943 species
1008 880 1087 926 nova
1109 861 1163 924 tibi
1186 861 1271 923 vide·
1330 843 1476 920 lentiam,
1499 851 1553 905 aut
1584 849 1747 905 81¹0erOE
1774 859 1864 904 usum
1892 859 1910 903 θ
1940 839 2028 902 nobis
2062 839 2182 903 dictum

418 965 484 1024 lurl
497 961 576 1042 Lege
590 980 660 1044 qnae
674 960 705 1023 in
718 959 848 1042 primam
862 959 1023 1023 verborum
1036 958 1271 1022 declinationem
1332 959 1409 1004 2⁸⁵2·

1003 1187 1199 1269 MODUS
1237 1185 1585 1267 OPTATlVUS.

473 1360 538 1439 20·
562 1381 642 1457 Quid
655 1383 763 1446 attinet
772 1381 865 1446 toties
876 1380 915 1444 ad
926 1381 1033 1463 prinrae
1047 1380 1271 1462 conjugationis
1328 1382 1368 1444 ad
1386 1380 1544 1464 quodnam
1564 1379 1758 1460 potissimum
1781 1386 1903 1460 tempus
1922 1385 2050 1460 spectet.
2071 1378 2185 1442 Praete-

418 1483 534 1548 scholia
568 1489 599 1544 te
633 1483 783 1562 rejicere?
810 1479 874 1543 Nisi
908 1481 1000 1543 etiam
1024 1479 1269 1558 Quintilianum,
1327 1480 1375 1542 riti
1397 1478 1525 1560 perfecti
1545 1477 1611 1540 haec
1631 1483 1664 1539 et
1683 1477 1793 1539 similia
1814 1495 1880 1539 esse
1902 1482 2064 1557 poterunt:
2082 1476 2185 1540 Audio

417 1581 439 1644 l.
456 1580 497 1644 lx
505 1627 516 1658 ,
531 1599 559 1642 c.
576 1582 594 1641 3
603 1626 614 1657 ,
629 1583 663 1642 ll
676 1625 687 1656 ,
702 1579 783 1641 hanc
801 1577 926 1658 optativi
948 1577 1178 1659 dispositionem
1200 1595 1270 1659 pro·
1330 1582 1391 1640 tres
1406 1576 1517 1638 milites
1534 1582 1653 1638 tantum
1666 1575 1756 1656 fatiae
1768 1573 1966 1638 desideratos.
1983 1572 2105 1638 Utinam
2119 1594 2185 1638 non

416 1679 504 1742 basse
516 1677 707 1759 cognoveris,
719 1693 844 1739 omnem
857 1675 888 1737 in
903 1694 953 1737 me
961 1675 1085 1757 culpam
1095 1675 1268 1739 transierto.
1328 1675 1442 1756 [ceint
1456 1673 1554 1735 multo
1568 1672 1691 1754 plnres!
1714 1672 1823 1748 anira
1836 1673 1913 1734 Dece
1927 1691 1981 1754 que
1996 1692 2053 1734 nuc
2070 1672 2186 1736 fossern

416 1776 462 1840 Ne
476 1776 595 1840 mireris
609 1775 732 1838 easdem
747 1793 839 1837 voces
856 1773 1005 1837 lusitanus
1022 1773 1112 1834 variis
1127 1774 1271 1855 tempori·
1328 1773 1419 1833 multo
1441 1769 1533 1832 mais!
1551 1771 1641 1832 Peter
1662 1780 1734 1833 tuns
1755 1770 1864 1834 rnelius
1885 1770 2007 1833 valebat
2034 1771 2186 1852 proximis

416 1872 475 1936 bus
489 1873 672 1950 subservire,
683 1891 761 1955 qnos
776 1873 867 1935 etiam
881 1872 964 1954 apud
980 1871 1101 1934 Latinos
1116 1871 1271 1934 interdurn
1329 1869 1448 1931 diebus.
1471 1867 1593 1930 Utinam
1614 1870 1707 1949 fauerit
1731 1869 1819 1950 plane
1841 1867 2053 1931 confirmatus!
2076 1869 2187 1944 (lucina

416 1971 562 2052 reperies,
579 1973 668 2052 onius
682 1971 726 2034 rei
745 1989 836 2034 causa
853 1977 899 2034 est
913 1970 977 2052 ipsa
990 1969 1116 2051 optandi
1130 1968 1269 2045 allectio,
1329 1967 1405 2028 Dece
1417 1987 1472 2048 quc
1482 1967 1545 2046 seja
1553 1967 1593 2049 ja*
1602 1987 1652 2028 sno
1666 1966 1702 2028 de
1711 1964 1797 2028 todo!
1806 1965 1940 2032 Verbum
1951 1966 2024 2047 sejc
2035 1965 2188 2031 Mneticio

418 2087 488 2149 quae
501 2074 712 2151 saepenumero
724 2069 766 2133 ita
780 2069 924 2152 perplexa
936 2075 994 2144 est,
1008 2075 1042 2131 ut
1054 2068 1104 2130 vix
1118 2066 1271 2130 discernas
1329 2065 1463 2127 adverbii
1465 2065 1517 2147 jd,
1533 2065 1572 2126 ad
1587 2065 1773 2146 praeteritum
1788 2065 1921 2127 relatum
1936 2071 1994 2126 est.

551 2268 674 2313 TEMPUS
694 2268 836 2311 amens
857 2267 895 2310 ET
916 2265 1146 2310 aurelianorum.
1461 2263 1664 2306 amaruan
1686 2262 1849 2312 PLUSQUAM
1870 2261 2064 2304 PElllilil'Tl'M.

422 2395 527 2497 Βίης.
582 2391 740 2475 Utinam
770 2395 919 2488 Essem,
1335 2389 1440 2492 Scep.
1495 2389 1653 2470 Utinam
1682 2388 1871 2487 Fuissem,

438 2503 446 2518 ⁸
769 2519 896 2615 Esses
1683 2513 1848 2607 luisses

771 2643 895 2722 Esset.
1679 2637 1844 2718 Fuisset.

423 2769 534 2848 Plan.
583 2766 739 2849 Utinam
769 2769 963 2865 Essemus,
1336 2763 1452 2841 Plur.
1493 2763 1650 2845 Utinam
1680 2763 1915 2862 FuissenauS,
1986 2791 1989 2796 ¹

772 2892 930 2992 Essetis,
1682 2888 1876 2988 Fuissetis‚

770 3017 920 3104 Essent.
1683 3013 1874 3094 Fuissent.

637 3231 841 3276 ammarum
862 3229 1057 3274 PERFECTUM.
1676 3229 1835 3273 FUTURUM.

423 3357 529 3462 Scep.
583 3357 742 3439 Utinam
770 3354 941 3454 Fuerim,
1327 3341 1439 3455 'Szizp
1495 3352 1653 3434 Utinam
1683 3354 1779 3453 Sim,

770 3481 918 3580 Fceris,
1142 3486 1147 3496 ”
1685 3479 1760 3578 Sis,

771 3606 919 3688 Fuerit.
1682 3605 1755 3687 Sit.

425 3731 540 3810 Plan.
586 3731 743 3814 Utinam
771 3731 989 3830 Fuerimus,
1053 3732 1056 3743 '
1336 3729 1451 3809 Plur.
1500 3730 1659 3811 Utinam
1688 3732 1831 3832 Simus

771 3856 950 3956 Fuerilis,
1208 3843 1212 3848 ⁵
1684 3856 1790 3955 Sitis,

771 3981 947 4061 Fuerint.
1688 3981 1787 4062 Sint.

959 4230 1150 4310 MODUS
1188 4227 1638 4320 CONJUNCTIVUS.
1704 4239 1707 4246 '

479 4402 539 4474 21.
575 4412 606 4475 Si
621 4413 820 4494 conjunctivo
834 4417 1027 4495 preponatur
1040 4409 1190 4491 particula
1204 4430 1281 4487 cam,
1343 4411 1505 4491 perrimus,
1521 4413 1616 4493 p'arro
1628 4419 1793 4477 contentus
1806 4431 1901 4477 eram.
1912 4414 2000 4477 Cocco
2012 4413 2116 4478 dentes
2129 4415 2196 4480 lora

429 4527 503 4573 enm
515 4509 649 4573 Lusitani
663 4510 1006 4592 indicativoexplicant3
1022 4508 1153 4592 exempli
1167 4525 1280 4571 causa:
1343 4511 1433 4571 mairo
1444 4511 1550 4593 petre,
1565 4520 1784 4574 contentcvcme
1796 4531 1857 4574 ema
1866 4531 1970 4594 peuce.

431 4605 505 4670 Cum
518 4608 573 4670 nm
585 4626 721 4690 pauper,
737 4627 829 4672 nemo
844 4608 1011 4670 amicitiam
1029 4625 1132 4670 meana
1147 4605 1280 4687 expetit3
1383 4606 1514 4672 Utuntur
1538 4609 1630 4673 etiam
1650 4610 1807 4690 eleganter
1825 4610 1994 4690 gerundiis,
2012 4629 2084 4673 cnm
2104 4611 2197 4676 inter

431 4703 519 4768 Conco
536 4724 593 4770 sou
607 4707 712 4788 pobre,
732 4708 868 4788 ncnpnem
890 4705 990 4786 deeeje
1012 4705 1114 4768 minda
1138 4704 1281 4768 cmizcde.
1342 4713 1502 4789 pretentur
1520 4708 1604 4770 hunc
1621 4707 1749 4772 modum
1768 4727 1776 4771 ε
1796 4709 1902 4772 Audes
1920 4709 1976 4771 ista
1992 4708 2106 4786 dicere,
2132 4731 2197 4772 cum

431 4801 504 4866 Cum
516 4823 603 4867 casem
617 4824 750 4887 pauper,
769 4824 861 4869 nemo
882 4805 1047 4867 amicitiam
1066 4821 1168 4867 meam
1192 4823 1283 4886 expe·
1341 4807 1380 4866 sis
1392 4805 1438 4868 vir
1452 4806 1576 4870 nobilis!
1595 4807 1730 4869 Atrevee
1744 4825 1794 4869 cos
1807 4827 1826 4868 a
1841 4806 1926 4869 dicer
1946 4807 2020 4881 iseo,
2036 4807 2133 4871 sendo
2147 4813 2198 4870 oda

429 4900 514 4964 lebat
522 4918 533 4980 3
549 4900 640 4965 Cano
655 4921 706 4966 era
716 4902 821 4985 petre,
835 4910 894 4966 etc.
912 4901 988 4966 Cam
1002 4902 1042 4964 eia
1054 4901 1166 4979 bonus,
1180 4902 1283 4965 existi·
1342 4903 1453 4966 tonum
1467 4902 1573 4966 notre!
1585 4904 1767 4968 Poteramne
1786 4904 1841 4967 tibi
1855 4922 1947 4986 opem
1960 4903 2057 4978 ierre,
2073 4925 2139 4966 cnm
2152 4925 2197 4968 ee-

428 5015 495 5061 mes
514 5017 623 5063 omnes
635 5000 680 5063 tui
696 5001 810 5064 similes
827 5020 909 5082 esse3
932 5001 1018 5065 Come
1033 5000 1094 5064 sois
1106 4999 1183 5077 bon,
1195 5020 1283 5080 pare·
1341 5021 1399 5063 aem
1413 5006 1548 5083 paupert
1558 5000 1714 5064 Pudicam
1728 5001 1837 5084 cjndor
1850 5001 2117 5084 sendoeupobre?
2127 5002 2199 5067 Non

427 5114 507 5158 eecce
527 5117 581 5179 pue
600 5097 684 5161 tudes
702 5118 795 5161 osae.
812 5097 887 5162 Cum
906 5099 960 5162 diu
980 5099 1076 5180 fueris
1098 5098 1197 5173 miles,
1221 5115 1282 5160 non
1343 5100 1434 5161 miror
1449 5105 1481 5162 te
1496 5099 1580 5163 lente
1593 5100 1828 5177 convalescere,
1842 5122 1907 5163 cam
1921 5100 1975 5164 diu
1993 5101 2089 5182 [ueris
2102 5119 2201 5183 egro

429 5193 523 5257 miror
545 5202 578 5258 te
605 5194 757 5259 interdum
781 5196 877 5260 minas
897 5198 1040 5276 jactare;
1072 5196 1158 5260 Come
1188 5195 1284 5259 lostes
1342 5205 1391 5258 tus
1397 5215 1407 5275 3
1422 5197 1525 5261 Sendo
1539 5202 1601 5272 vde,
1616 5219 1653 5259 cu
1665 5199 1794 5262 estando
1808 5207 1893 5262 tanto
1907 5207 2002 5280 tempo
2016 5198 2132 5261 doente.
2150 5199 2202 5262 ln·

429 5293 522 5356 muita
539 5300 635 5376 ternpo
648 5293 786 5373 eoldudo,
802 5301 864 5358 etc.
879 5294 954 5359 Cum
967 5303 1058 5358 antea
1068 5296 1190 5376 [uinco
1204 5313 1283 5376 pan·
1342 5294 1402 5358 cidi
1415 5294 1446 5357 in
1455 5295 1665 5376 gravissimum
1674 5297 1830 5374 morbum,
1847 5317 1912 5360 cam
1925 5315 2088 5380 nunquam
2103 5303 2200 5362 antea
