4616 6160
622 593 665 645 DE
685 596 969 651 CONSTllllCTlONE
990 600 1199 653 Tnlnslllt'l
1221 603 1336 655 vnum.

639 908 878 988 DATlVUS
918 909 1049 989 POST
1086 910 1313 993 VERBUM

158 1181 243 1259 278.
273 1183 365 1260 Sum
378 1183 492 1262 modo
506 1183 677 1264 dativum
694 1211 817 1264 unum
833 1186 963 1266 babet.
983 1186 1130 1286 Cicero,
1147 1191 1247 1287 nn,
1266 1189 1292 1267 l.
1310 1192 1375 1289 Vl,
1392 1217 1453 1297 cp.
1472 1192 1496 1268 7
1513 1221 1522 1270 :
1545 1223 1565 1265 n
1581 1191 1655 1272 Sed
1672 1193 1856 1275 nuntiant

114 1306 236 1386 melius
250 1333 328 1388 esse
340 1312 379 1388 ci
392 1307 464 1417 (l).
482 1342 502 1384 u
522 1311 738 1412 Terentius,
755 1311 923 1418 Adelph.
942 1321 1017 1393 act.
1036 1316 1063 1413 l,
1079 1340 1131 1394 sc.
1152 1315 1190 1415 2,
1208 1342 1245 1394 v.
1265 1315 1363 1394 127:

436 1597 438 1602 Ι
496 1511 611 1578 Natura
624 1523 659 1579 tu
672 1516 723 1580 itti
734 1522 870 1600 pateres,
887 1517 1020 1582 consiliis
1035 1537 1104 1598 ego.
1228 1605 1230 1610 A

157 1691 262 1773 Modo
286 1692 395 1773 duos.
425 1693 573 1792 Cicero,
601 1699 700 1796 Ati,
728 1697 755 1774 l.
782 1698 847 1799 Vl,
879 1724 941 1804 ep.
966 1700 989 1778 2
1010 1730 1018 1777 :
1043 1700 1337 1808 «Respondebo
1361 1699 1530 1807 primurn
1555 1713 1759 1808 postremae
1787 1719 1859 1786 tuac

8 1879 9 1892 ι
111 1815 247 1924 paginae
260 1844 343 1923 quae
358 1820 616 1928 mibimagnae
630 1823 812 1902 molestiae
825 1826 919 1925 fuit.
933 1855 954 1896 »

146 2061 214 2124 Sum
225 2059 305 2124 varie
320 2079 393 2125 cum
404 2062 506 2126 dativo
516 2062 676 2143 jungitur:
692 2064 786 2128 modo
800 2063 882 2126 enirn
894 2082 950 2145 pro
1010 2065 1104 2128 domo
1119 2065 1303 2143 collocabas,
1320 2086 1389 2148 quae
1404 2067 1516 2132 domus
1529 2078 1596 2130 crat
1609 2067 1675 2151 ipsu
1693 2069 1801 2132 iudicio
1816 2078 1860 2134 tut

112 2157 205 2221 babere
216 2159 357 2242 ponitur,
374 2165 407 2222 ut
423 2176 431 2222 ε
447 2159 525 2222 Sunt
538 2160 613 2222 mibi
626 2161 729 2223 omnia
742 2161 855 2242 scripta
868 2161 953 2224 Cice·
1010 2162 1211 2225 crudelissimi
1236 2163 1423 2228 dominatus.
1451 2187 1467 2224 a
1498 2164 1639 2249 Denique
1668 2168 1767 2231 multa
1793 2187 1862 2250 quat

110 2257 191 2320 renis.
207 2257 333 2321 Summa
354 2258 552 2322 necessitudo
575 2259 651 2322 mibi
670 2265 776 2322 tecum
797 2269 851 2322 cst.
874 2259 950 2322 Cum
1009 2267 1157 2341 putantur
1180 2261 1317 2324 dativum
1339 2262 1464 2340 habere,
1491 2270 1525 2326 ut
1546 2265 1716 2346 proximus,
1739 2267 1863 2348 propin-

110 2351 220 2418 duobus
239 2356 347 2420 dativis
364 2358 519 2438 junctum,
541 2358 725 2440 plerumque
744 2376 800 2439 per
824 2357 951 2420 verbum
1010 2378 1093 2440 quus,
1109 2369 1261 2440 coenatus,
1276 2361 1401 2440 omt'cun,
1420 2362 1529 2442 socius,
1550 2363 1731 2443 familiaris,
1744 2365 1861 2444 commi-

110 2456 193 2534 aplnb
204 2475 259 2520 seu
269 2457 363 2538 offero
376 2457 540 2539 exponitur
557 2477 565 2520 ε
590 2457 728 2540 Epistola
738 2464 792 2520 tua
806 2458 868 2539 suit
879 2457 954 2520 mibi
1009 2457 1076 2530 tito,
1091 2477 1257 2530 conservus,
1275 2457 1498 2540 condiscipulus,
1517 2465 1550 2522 et
1563 2460 1621 2522 alia
1634 2459 1666 2522 id
1680 2479 1778 2541 genus
1789 2461 1862 2525 sub·

110 2572 216 2635 magnae
234 2557 386 2635 molestia,
406 2557 562 2638 uoluptati.
587 2556 627 2619 Et
643 2557 814 2639 ponentibus
833 2556 951 2633 leonori,
1009 2555 1150 2633 stantiva,
1161 2556 1661 2622 dativumhabentbenelicioverbi
1670 2559 1861 2636 substantivi,

110 2660 136 2714 ct
157 2654 252 2716 cnn'cia
275 2656 413 2734 utilitati,
438 2661 470 2718 et
492 2655 659 2738 reipublicae
681 2657 872 2719 cntotumento
894 2675 952 2717 csse
1010 2661 1065 2718 ut:
1080 2655 1179 2718 Gaesar
1192 2657 1425 2738 estpropinquus
1434 2656 1862 2739 Marceito;lentuluseatso·

110 2752 225 2831 poteris.
240 2789 279 2802 -
292 2754 383 2817 blodo
397 2753 519 2817 dativus
536 2772 592 2836 pro
610 2753 799 2818 nominativo
816 2754 949 2834 ponitur.
1010 2753 1137 2815 mitioris
1158 2753 1304 2817 Ciceroni.
1321 2754 1398 2818 Nam
1413 2754 1477 2818 haec
1498 2761 1668 2838 separatas
1683 2755 1777 2819 verbo
1791 2757 1862 2820 sub-

110 2848 216 2930 Cicero,
233 2852 272 2915 de
286 2851 401 2932 Divum,
416 2852 438 2914 l.
455 2851 480 2930 l,
496 2872 525 2916 c.
541 2855 591 2928 δι),
609 2857 667 2916 119
684 2871 692 2914 ι
709 2875 724 2912 n
738 2853 827 2926 Quod
841 2870 881 2914 ne
895 2851 952 2913 du·
1010 2851 1141 2914 stantivo
1156 2870 1219 2916 non
1238 2852 1375 2915 dativum
1393 2852 1519 2929 hebent,
1535 2854 1590 2917 sed
1604 2854 1785 2934 genitivum,
1801 2863 1836 2916 ut
1852 2871 1859 2916 :

110 2945 194 3012 bitare
207 2950 370 3032 possimus,
385 2951 516 3013 monimo
529 2959 572 3013 eet
581 2959 756 3032 orpumeuto
765 2950 850 3033 quod
859 2949 951 3031 paulo
1010 2950 1145 3013 Annibal
1156 2950 1269 3015 occidit
1282 2969 1390 3014 omnes
1402 2951 1585 3034 propinquos
1599 2951 1701 3030 Fabii,
1716 2970 1781 3015 non
1798 2953 1862 3014 Fo-

109 3053 172 3108 unte
182 3045 338 3110 interitum
352 3046 479 3111 Caesaris
490 3047 629 3129 contigit.
646 3047 771 3124 aldem,
784 3067 840 3129 pro
851 3047 950 3112 Domo
984 3083 985 3087 =
1010 3047 1066 3110 bio.
1086 3048 1202 3113 Omnes
1220 3050 1429 3112 commilitones
1449 3049 1528 3112 lidii
1544 3051 1677 3131 jugulati
1697 3056 1781 3129 sunt,
1800 3069 1861 3114 non

109 3162 173 3224 suu,
188 3165 216 3210 c.
232 3149 289 3225 tn,
310 3149 369 3208 llo
390 3164 399 3209 ε
427 3146 622 3211 «libertatis
642 3148 841 3240 simulacrum
860 3146 892 3209 in
913 3163 951 3208 ea
1009 3147 1103 3210 iulio.

1050 3245 1231 3326 Proximus,
1253 3245 1451 3334 propinquus,
1478 3256 1619 3328 coquntur
1642 3247 1805 3329 adjectiva,
1830 3253 1862 3310 et

1010 3365 1079 3429 quae
1087 3353 1159 3410 sunt
1172 3347 1293 3428 generis
1305 3347 1456 3427 ejusdem,
1468 3346 1605 3411 dativum
1618 3344 1682 3410 iere
1693 3345 1859 3428 postulant,

136 3456 168 3524 (l)
184 3459 246 3512 Post
256 3458 425 3524 recentiores,
437 3459 549 3513 Orellius
563 3468 591 3514 ct
602 3462 724 3515 Teubner
737 3463 864 3515 omittunt
878 3462 912 3514 et.
1010 3445 1104 3508 etiam
1116 3445 1242 3510 absente
1253 3446 1346 3510 verbo
1359 3446 1443 3509 Sum.
1764 3455 1768 3464 '

156 3686 243 3766 279.
275 3687 406 3767 Verba
424 3712 509 3793 quae
530 3689 732 3789 auxilium,
754 3688 1030 3788 adulationem,
1054 3692 1318 3788 commodum,
1341 3688 1648 3790 incommodum,
1670 3689 1857 3792 levorem,

8 3837 9 3844 ¹
108 3811 269 3892 studium
297 3811 539 3921 significant,
571 3813 688 3893 dandi
715 3840 849 3895 casum
885 3816 1105 3921 postulant,
1135 3822 1177 3894 ut
1208 3846 1218 3895 ε
1249 3817 1433 3915 numitor,
1461 3815 1614 3915 adulor,
1642 3819 1856 3918 commodo,

110 3938 354 4038 incommode,
376 3943 489 4042 foveo
505 3940 587 4035 tibi3
600 3939 731 4018 studeo
739 3940 1008 4046 philosophice.

8 4149 9 4156 Ν
157 4061 300 4166 Cicero,
329 4065 442 4146 Verr.
470 4071 546 4144 act.
571 4065 617 4164 ll,
645 4064 672 4142 l.
700 4065 765 4164 lV,
794 4047 829 4144 c.
860 4066 922 4165 17,
950 4065 1000 4144 37
1025 4095 1034 4143 :
1065 4095 1086 4137 «
1107 4062 1271 4142 Homini
1292 4061 1375 4168 jam
1405 4063 1553 4169 perdito
1582 4072 1620 4144 et
1645 4064 1789 4145 collum
1817 4065 1858 4146 in

8 4197 9 4202 '
110 4184 283 4294 laqueum
304 4189 489 4270 inserenti
508 4190 730 4268 subvenisti.
752 4221 773 4263 u
800 4188 920 4288 ldern,
944 4188 992 4269 de
1012 4189 1135 4288 Orat,
1152 4186 1180 4267 l.
1203 4189 1232 4285 l,
1254 4213 1290 4268 c.
1314 4188 1380 4288 ot,
1403 4188 1480 4269 260
1504 4220 1513 4267 ε
1541 4220 1562 4263 ιι
1581 4189 1785 4295 Quumque
1803 4190 1860 4271 ita

8 4369 9 4382 ι
109 4311 239 4394 balbus
259 4323 357 4396 esset
379 4312 705 4422 (Demosthenes),
730 4321 774 4392 ut
793 4314 876 4419 ejus
899 4312 1019 4419 ipsius
1044 4311 1136 4393 artis
1157 4316 1223 4392 cui
1239 4315 1411 4393 studeret
1431 4311 1597 4417 primam
1612 4313 1764 4396 literam
1779 4341 1856 4396 non

8 4475 9 4492 ÷
109 4451 226 4543 posset
241 4440 384 4540 dicere,
401 4438 560 4545 perlecit
575 4439 797 4519 meditando
812 4445 855 4516 ut
872 4463 988 4518 nemo
1003 4437 1158 4544 planius
1171 4463 1217 4516 eo
1231 4437 1380 4517 locutus
1396 4443 1612 4543 putaretur.
1629 4472 1650 4514 »

841 4739 1113 4817 EXCEPTlO.

157 4923 348 5024 Incumbo,
367 4950 458 5005 curn
478 4924 526 5004 ad
545 4921 715 5004 studium
735 4921 913 5023 retertur,
938 4919 1201 5003 accusativum
1221 4945 1311 5001 cum
1330 4919 1658 5027 praepositionem
1678 4922 1858 5028 postulat,

8 5081 10 5150 p
110 5058 148 5127 ut
171 5082 180 5130 ε
206 5051 387 5131 incumbo
410 5053 451 5128 in
472 5051 644 5128 studium
669 5048 933 5154 philosophiae,
956 5047 1173 5126 literarum.
1202 5042 1348 5145 Cicero,
1370 5045 1418 5126 de
1433 5046 1556 5144 Orat,
1577 5046 1603 5125 l.
1622 5048 1652 5146 l,
1669 5072 1703 5126 c.
1723 5048 1761 5145 8,
1778 5047 1855 5125 34:

113 5175 402 5270 «Quamobrem
424 5173 584 5282 pergite,
599 5171 799 5272 utiacitis,
817 5172 1102 5270 adolescentem
1128 5177 1240 5274 atque
1261 5171 1303 5247 in
1323 5167 1362 5247 id
1379 5171 1566 5270 studium,
1590 5170 1632 5249 in
1655 5196 1730 5275 quo
1752 5169 1856 5270 estis,

8 5377 10 5406 ,
110 5302 322 5382 incumbite.
340 5334 362 5376 u
380 5301 486 5381 ldem
503 5298 550 5380 ad
567 5303 666 5399 An,
685 5300 711 5379 l.
731 5299 833 5397 XVl,
850 5325 914 5405 ep.
935 5298 1008 5377 l0:
1032 5328 1053 5370 (ι
1067 5297 1196 5394 Nunc,
1214 5292 1269 5373 mi
1283 5293 1424 5396 Attice,
1443 5303 1523 5376 tota
1537 5303 1669 5377 mente
1688 5297 1860 5376 incumbe

8 5417 9 5434 '
109 5427 256 5508 tithanc
272 5453 410 5507 cunum
425 5456 436 5505 :
451 5451 595 5533 magna
609 5423 715 5507 enim
731 5451 792 5505 res
806 5432 877 5505 est.
894 5456 916 5498 a

1661 5568 1701 5627 et
