4616 6160
456 521 532 602 202
965 553 1008 604 DE
1027 554 1217 607 VERBORUM
1237 555 1452 607 numantinis
1473 557 1515 608 nt
1536 557 1684 610 stultus.

494 679 635 762 inquom,
652 681 761 764 inquis,
781 683 876 765 inquit
901 685 985 760 (num
1002 685 1102 768 inquio
1119 686 1299 751 inusitatum
1355 705 1458 769 quam,
1474 687 1602 751 verbum
1624 687 1792 751 secundam
1805 704 1968 769 personam
1986 687 2079 752 habet
2094 695 2200 771 prate·

453 786 511 856 est,
535 786 567 842 et
585 779 661 842 iliud
679 779 833 844 Ciceronis
857 782 896 845 de
912 781 994 846 Orat.
1017 783 1038 846 i.
1059 783 1096 862 ii,
1117 803 1146 847 c.
1160 788 1213 863 63,
1227 787 1298 864 666,
1355 785 1508 862 riticio,
1530 786 1570 850 de
1591 785 1688 864 Orat,
1709 787 1731 847 i.
1753 784 1793 862 li,
1811 805 1841 849 c.
1860 788 1911 863 ot,
1925 788 2009 848 259:
2029 786 2100 849 sin
2116 806 2199 862 vero,

454 879 538 960 quod
551 879 639 940 aticrt
650 878 833 957 Priscianus,
853 879 874 941 i.
890 879 930 958 X,
946 900 977 962 p.
1001 884 1084 945 oto:
1105 882 1301 947 nAtteudere
1357 883 1489 966 inquisti,
1511 886 1659 948 molestus
1681 902 1743 947 non
1769 884 1865 947 666.»
1881 918 1923 932 -
1939 884 1984 948 oe
2006 885 2098 948 verbo
2118 885 2200 946 niden

454 983 486 1040 et
510 977 657 1059 aucupari
677 977 770 1040 verba
789 979 951 1061 oportebit,
975 979 1086 1063 inquio,
1109 989 1144 1045 ut
1170 1001 1207 1046 ea
1232 1001 1301 1065 quse
1357 982 1618 1047 nuiiamiecimns
1635 982 1839 1061 mentionem,
1857 965 2199 1065 quod'insolensvidea·

454 1082 528 1137 suut
549 1074 705 1155 frigidiora
723 1076 867 1154 vitemus,
881 1083 957 1157 etc,
971 1102 987 1139 u
1003 1080 1115 1161 iegitur
1127 1099 1166 1144 ex
1182 1089 1303 1146 vetusto
1357 1087 1419 1158 tur,
1430 1099 1533 1163 neque
1546 1081 1635 1145 video
1644 1099 1702 1144 cur
1716 1080 1851 1158 umido,
1865 1080 1950 1161 quod
1963 1081 1994 1144 in
2007 1099 2065 1144 usn
2074 1087 2131 1160 est,
2139 1099 2199 1144 666

453 1171 562 1235 codice
579 1174 678 1255 inquo,
695 1180 726 1236 et
742 1175 917 1255 Diomedes,
938 1176 959 1238 i.
976 1176 1002 1255 i,
1015 1197 1047 1260 p.
1065 1181 1135 1257 375,
1150 1179 1241 1244 docet
1256 1181 1302 1240 in·
1357 1177 1469 1242 habeat
1482 1178 1612 1242 rens'dui.

452 1286 540 1348 66666
555 1289 622 1335 esse
639 1271 772 1355 primam
786 1293 950 1356 personam
967 1275 1154 1357 indicativi),
1169 1276 1241 1355 hoc,
1256 1277 1301 1340 in·

594 1519 685 1600 203.
717 1521 879 1626 insuper
893 1547 916 1600 6
929 1521 1061 1620 verbo,
1079 1547 1145 1601 seu
1159 1520 1317 1601 nominc
1332 1528 1437 1622 nata,
1456 1534 1615 1628 tepesco,

713 1645 868 1726 Ms'teoeo
881 1647 1016 1747 veluti,
1033 1673 1198 1752 quorum
1213 1649 1260 1730 dc
1275 1648 1435 1729 nominc
1449 1647 1496 1728 iis
1509 1656 1585 1750 esi3

715 1773 796 1850 Aut
815 1777 915 1852 corte
935 1772 1094 1878 capiunt
1114 1800 1137 1854 6
1155 1773 1282 1853 verbis
1300 1774 1403 1854 unde
1424 1774 1644 1854 trahuntur.

715 1894 824 1976 Adde
844 1895 984 2001 quibus
1003 1923 1147 1980 nomen
1167 1899 1378 1980 vehemens
1396 1899 1596 1980 meditatio
1616 1898 1706 1979 iecit
1724 1899 1751 1998 ¹,

719 2020 859 2101 Esurit
873 2032 1053 2128 excepto,
1071 2032 1246 2104 veterum
1266 2032 1522 2106 monumenta
1541 2024 1706 2104 revoive.

495 2224 505 2265 ¹
523 2219 563 2286 Ut
574 2225 749 2306 coenoturio,
764 2225 902 2289 dicturis.

487 2493 660 2560 inchoativa
680 2496 784 2577 verba,
806 2498 867 2562 hoc
887 2507 945 2577 est,
964 2518 1034 2581 quae
1056 2499 1209 2564 actionem
1229 2499 1296 2582 qui·
1350 2498 1453 2580 potius
1463 2498 1612 2579 portarii,
1626 2499 1763 2581 nupturii
1774 2497 1940 2582 habuisse;
1955 2500 2011 2565 sed
2028 2501 2198 2566 desiderau-

446 2592 518 2656 dem
536 2612 599 2657 non
616 2595 823 2677 incipientem,
847 2597 902 2661 sed
923 2597 1099 2660 inchoatam
1120 2599 1163 2660 ita
1181 2596 1295 2678 signiti-
1351 2603 1403 2659 tur
1418 2603 1559 2660 veterum
1570 2598 2198 2683 mamonis.ApuleiusinAp0105.(post

446 2699 528 2770 cant,
539 2698 574 2754 ut
588 2692 685 2774 magis
695 2712 731 2757 66
740 2695 837 2775 magis
851 2694 1013 2774 increscat,
1025 2696 1049 2758 si
1065 2695 1193 2759 averbis
1209 2695 1293 2774 iiant,
1351 2694 1501 2775 medium)
1516 2698 1684 2778 nupturnse
1696 2697 1773 2760 dixit
1781 2715 1792 2777 3
1809 2699 1863 2782 qui
1881 2697 1954 2762 licet
1967 2697 2124 2762 interdum
2141 2701 2198 2762 eie-

446 2795 482 2851 ut
494 2791 669 2872 resriqesco,
688 2793 914 2872 innotescecent
931 2800 1037 2857 curent
1054 2795 1225 2877 preteritis,
1242 2801 1295 2858 aut
1352 2799 1458 2872 genter
1470 2794 1626 2876 loquatur,
1641 2801 1817 2859 nontamen
1830 2797 1909 2860 inter
1919 2794 2063 2860 classicos
2076 2816 2094 2859 a
2107 2796 2198 2860 doctis

446 2893 529 2950 certe
548 2889 777 2971 aprimogeniis
796 2910 833 2955 ea
851 2896 1045 2969 mutuantur,
1061 2900 1096 2956 nt
1109 2892 1235 2975 refrini,
1250 2893 1297 2954 in·
1351 2900 1544 2956 numeratur.
1559 2893 1671 2955 Ennio
1685 2893 1777 2957 etiam
1791 2895 1937 2976 supinum
1949 2895 2053 2959 habet.
2064 2895 2197 2974 Terent,

446 2985 536 3049 ouini.
553 2985 606 3050 Sin
620 2988 825 3054 anominibus
838 2990 1043 3071 deducantur,
1054 3010 1179 3074 prorsus
1192 2991 1297 3055 viden·
1351 2987 1461 3053 Heaut.
1474 2998 1533 3054 act.
1549 2991 1587 3071 V,
1598 3011 1642 3056 sc.
1658 2995 1688 3070 3,
1706 3011 1735 3054 v.
1750 2995 1810 3056 983
1826 3011 1835 3054 ε

445 3090 497 3146 tur
511 3085 672 3168 praeteritis
686 3087 822 3166 destitui,
842 3093 877 3152 ut
888 3089 1072 3170 inqu-coesse,
1087 3090 1214 3167 mitesco,
1230 3089 1297 3152 iser-
1825 3083 1828 3092 ’

446 3180 547 3261 besso,
574 3184 705 3248 siiossco.
738 3185 863 3249 Comani
887 3188 1078 3268 grammatici
1106 3187 1145 3251 de
1172 3187 1296 3252 nomine

445 3278 557 3345 horum
572 3282 749 3360 verborum,
760 3284 912 3365 siquidem
925 3293 1046 3349 veteres
1062 3285 1297 3366 6661666ιὶ666-

444 3379 547 3443 niores
566 3381 677 3462 partim
698 3384 913 3462 enerntatiou,
938 3385 1050 3467 partim
1074 3384 1296 3466 nuqmcntotivo
1351 3368 1497 3447 Similis
1525 3369 1646 3451 litium,
1673 3369 1833 3453 ‘¹⁶3²'th
1863 3371 2020 3454 ‘iustitiis
2045 3393 2108 3437 ¹10ss
2131 3379 2198 3438 ⁸¹¹¹st

446 3479 622 3559 apponam
648 3480 687 3543 de
709 3481 822 3563 quibus
849 3479 947 3544 fusius
971 3483 1003 3545 in
1031 3482 1236 3546 6666660668,
1256 3516 1297 3530 ..
1351 3467 1540 3546 meditativa,
1562 3487 1634 3532 cum
1656 3469 1776 3533 diversa
1796 3469 1857 3533 sint
1877 3477 1908 3533 et
1930 3471 2151 3552 significatione
2171 3479 2199 3535 et

446 3575 596 3655 dicterio,
614 3579 776 3660 nupturis,
791 3585 824 3642 et
841 3586 952 3643 caetera
966 3599 1035 3663 quae
1049 3581 1231 3644 meditativa
1246 3600 1298 3644 ve·
1351 3567 1535 3648 quantiiiiei
1551 3586 1623 3630 ΜΠ)
1635 3587 1654 3630 u
1665 3567 1784 3632 limam
1794 3568 1981 3651 iii0d¹¹⁰¹¹¹¹i·
1996 3571 2118 3650 fimi-s
2128 3573 2150 3634 l·
2161 3570 2196 3646 Π,

446 3679 528 3737 teres
541 3676 731 3756 grammatici
746 3677 784 3740 ab
803 3678 923 3742 assidua
940 3685 973 3742 et
983 3681 1156 3744 vehementi
1171 3681 1297 3743 medita·
1352 3670 1408 3727 Sti·
1422 3666 1454 3742 ⁴>
1469 3685 1498 3728 V·
1514 3668 1554 3729 79
1569 3683 1578 3727 ²

445 3771 529 3835 tione
540 3773 584 3836 sic
604 3775 798 3856 appellarunt
816 3776 908 3856 (quid
922 3777 1005 3840 euim
1020 3778 1102 3841 aliud
1120 3779 1295 3858 meditatur,

447 3870 522 3950 quid
535 3871 650 3952 cogitat
663 3873 747 3936 aiiud
765 3875 819 3956 qui
833 3875 941 3953 esurit,
957 3875 1129 3955 coenaturit,
1142 3895 1235 3958 quam
1255 3877 1297 3940 ci-

446 3965 522 4030 bum
535 3974 753 4052 coenamquct)
768 3971 993 4055 iereprseterito
1006 3973 1298 4056 ca'rent.1)uo,por·
1353 3998 1425 4042 eum
1435 3981 1610 4045 meditativa
1623 3982 1765 4046 eamdem
1780 3983 1958 4066 corripiant,
1973 3983 2080 4062 estoit,
2094 3988 2197 4066 porti·

447 4067 541 4146 turio,
561 4071 713 4152 nupturis,
731 4069 875 4136 videntur
883 4073 1053 4154 parturivi,
1066 4075 1234 4156 nupturivi,
1249 4074 1297 4138 vei
1354 4077 1411 4156 rit,
1424 4078 1593 4142 cunutirit.

1414 3143 1488 3196 iiodo
1501 3144 1578 3197 liceat
1595 3146 1693 3210 vivere,
1709 3151 1750 3197 est
1765 3158 1834 3212 spes.
1854 3144 1893 3198 Gi.
1915 3147 1994 3209 Quae!
2008 3147 2036 3200 S.
2050 3149 2103 3200 iios
2113 3148 2200 3199 'nuri-

2026 3227 2117 3295 [turos
2129 3229 2197 3281 satis.

1414 3817 1543 3870 incasit
1558 3817 1665 3906 calicem
1678 3819 1809 3884 manibus,
1825 3819 1887 3874 dum
1901 3819 1970 3873 iuria
1986 3819 2093 3888 iiqorit;

982 4519 1194 4615 PRIMA
1236 4523 1666 4620 CONJUGATIO

596 4839 688 4922 tot.
720 4840 961 4921 Praeieritum
973 4842 1107 4948 primae
1122 4843 1213 4927 iacit
1227 4851 1301 4946 coi,
1319 4860 1503 4954 utumque
1515 4847 1699 4954 supinum
1714 4851 1742 4950 ¹,

715 4966 766 5048 Ui
779 4993 869 5048 neco
884 4999 895 5046 .·
910 4993 1002 5047 narn
1016 4975 1140 5070 neoni,
1156 4984 1308 5052 nectum
1323 4971 1395 5053 sibi
1410 4971 1574 5081 pignora
1587 4983 1758 5054 servant.

720 5094 773 5171 At
788 5093 915 5191 cubui,
932 5095 1439 5204 quantorumcunque
1453 5093 1592 5205 supina

715 5216 870 5297 Dantin
885 5223 995 5320 itum,
1014 5227 1057 5299 ut
1072 5223 1256 5324 cubitum;
1270 5223 1352 5305 hoec
1367 5228 1477 5304 tonui
1486 5229 1675 5330 tenuique
1688 5225 1702 5268 ³
1715 5233 1945 5331 sequuntur.

490 5421 558 5488 ¹iit
570 5441 663 5508 66666,
676 5429 736 5509 oui,
752 5435 845 5508 otono,
861 5429 1168 5510 senoniensium
1184 5465 1223 5480 -—
1235 5434 1250 5520 .²
1264 5432 1472 5517 Cuiu,⁸2domo,·
1493 5453 1590 5518 crepo,
1612 5446 1686 5501 osto.
1700 5470 1741 5487 -
1760 5438 1773 5484 ³
1789 5435 1879 5519 Touo,
1900 5455 1979 5501 sono.
