4708 6166
728 541 772 591 nn
793 538 982 593 vannorum
1002 540 1276 596 couruclrrouu.
1833 515 1883 596 25

125 673 243 754 possem
258 679 406 754 aegrotum
422 673 488 735 Neo
500 674 596 736 sendo
610 674 659 734 ott
672 680 757 734 eutoo
770 671 885 737 duecte.
901 672 978 735 Tan-

127 771 197 833 dem
233 779 366 835 mortem
395 771 490 848 obiit,
522 791 586 832 cam
614 787 710 833 annos
741 787 837 850 prope
873 771 977 850 viginti

127 868 272 932 membris
285 870 428 932 omnibus
447 875 554 952 captus
573 868 687 950 fuisset.
702 868 891 931 Ficolmeote
906 888 976 930 aco-

127 967 192 1046 dou,
212 968 354 1033 havendo
369 976 455 1049 perta
470 967 506 1029 de
524 967 603 1029 riute
623 986 714 1028 canoa
735 986 790 1048 que
809 975 908 1030 estora
929 987 978 1029 en-

127 1066 263 1128 treoodo.
283 1066 466 1130 locutiones
483 1067 561 1138 illae,
580 1085 660 1127 como
685 1066 758 1148 sajo,
783 1083 863 1126 como
885 1065 976 1144 fosse,

128 1171 158 1225 et
170 1163 238 1228 aliae
249 1164 387 1243 ejusdem
402 1165 536 1244 generis,
551 1164 586 1226 iis
601 1163 653 1246 qui
666 1163 795 1226 lusitane
808 1163 909 1225 sciunt
922 1161 978 1224 mi-

127 1263 208 1324 nime
220 1261 400 1343 probantur.
416 1260 484 1324 Non
499 1261 592 1323 miror
605 1268 635 1322 te
651 1262 708 1324 ista
722 1261 842 1338 dicere,
861 1280 926 1321 cum
939 1261 978 1320 sia

127 1360 232 1438 miles3
248 1359 316 1422 Neo
332 1379 378 1420 me
395 1367 514 1440 aspecto
533 1358 665 1420 discedes
681 1359 748 1436 isso,
769 1375 859 1422 corno
880 1377 910 1421 se
921 1359 979 1438 jais

126 1457 261 1536 soldado,
284 1457 455 1520 inauditum
474 1465 543 1520 est:
560 1457 627 1519 Noo
644 1477 689 1518 me
709 1466 829 1539 espouto
846 1456 979 1519 dizerdes

126 1558 191 1634 beo,
204 1556 273 1638 pois
283 1555 345 1620 sois
359 1555 497 1629 soldodo,
516 1557 562 1618 vel
577 1557 608 1635 ja
629 1575 689 1637 que
703 1556 765 1618 sois
777 1555 918 1632 eoldado,
934 1556 980 1618 di-

126 1655 203 1716 citnr
213 1655 293 1718 bene
307 1655 450 1717 lusitane.

166 1754 244 1815 Cum
261 1771 336 1832 ergo
350 1752 423 1815 boio
436 1751 530 1815 modo
545 1752 693 1834 particula
704 1773 768 1814 cam
780 1753 976 1835 praeponitur,

126 1869 194 1913 eam
219 1851 250 1912 in
277 1850 423 1913 lusitanos
447 1870 543 1926 como,
569 1851 642 1930 pois,
668 1849 772 1913 addito
801 1851 978 1928 indicativo,

127 1957 303 2026 convertes;
326 1954 380 2010 ant
401 1948 493 2011 uteris
508 1947 678 2028 gerundiis.
702 1947 833 2021 Quando
853 1956 906 2011 aul
923 1949 979 2012 illis

127 2058 179 2112 aut
193 2049 240 2111 bis
254 2048 403 2111 ruendum
418 2047 466 2120 sit,
482 2066 555 2110 usus
570 2054 600 2108 te
615 2045 747 2108 docebit.
763 2045 830 2109 Non
845 2047 939 2110 miror
949 2055 979 2109 te

130 2149 210 2209 lente
225 2147 450 2218 convalescere,
466 2165 531 2206 cam
544 2144 595 2206 diu
607 2144 703 2226 saeris
715 2151 866 2224 aegrotus:
885 2143 979 2208 Como

129 2247 285 2309 estiresles
301 2253 385 2305 tanto
400 2252 495 2324 tempo
513 2243 636 2318 dcente,
650 2261 707 2302 noo
720 2261 766 2304 me
778 2251 898 2325 asporto
913 2264 980 2305 con·

129 2343 360 2404 colescerdestao
369 2341 405 2403 de
415 2340 595 2421 copor.Noo
605 2360 650 2402 me
660 2342 981 2420 espontocouualescer-

129 2439 177 2502 des
186 2450 235 2502 too
249 2439 287 2502 de
299 2460 405 2520 vapor,
418 2440 484 2522 pois
497 2440 653 2502 estivestes
664 2449 747 2500 tauto
759 2448 852 2520 tempo
864 2439 976 2500 duecte.

129 2539 193 2603 Neo
203 2559 250 2602 me
264 2548 384 2620 eaponto
400 2537 632 2600 convalescentes
649 2537 686 2600 de
700 2557 808 2618 uapor,
829 2538 926 2601 sendo
943 2557 979 2598 ou

131 2638 255 2701 astando
275 2645 359 2699 tanto
378 2646 472 2718 tempo
493 2637 597 2698 duecte
620 2656 628 2700 ε
650 2636 699 2699 hic
721 2641 753 2698 et
773 2635 930 2718 particulae
948 2643 979 2698 et

131 2735 277 2814 gerundia
293 2735 397 2798 loonm
421 2733 547 2797 habent.
572 2732 792 2796 illustravimus
813 2732 896 2795 bunc
915 2749 981 2794 mo-

133 2834 203 2896 dum
216 2841 280 2896 tam
293 2832 398 2896 multis
410 2832 568 2914 exemplis,
584 2836 619 2893 ut
632 2829 802 2910 intelligant
814 2831 867 2913 qui
880 2831 919 2893 de
933 2831 979 2893 lu·

249 3057 457 3101 coutuucrtvr
475 3056 553 3099 MODI
566 3055 687 3099 TEMPUS
706 3055 858 3100 PRAESENS.

133 3202 234 3306 Βίης.
293 3202 389 3280 Cum
425 3199 521 3298 Sim,

426 3325 499 3424 Sis,

427 3450 499 3532 Sit.

138 3577 243 3654 rtur.
296 3576 394 3656 Cum
430 3575 572 3672 Simus,

428 3699 534 3798 Silis,

427 3823 525 3904 Sint.

188 3969 365 4060 mmmm
378 3972 465 4068 stim,
482 3971 614 4066 sesam,
632 3969 803 4044 emessam

332 4199 535 4244 rnAETautTuro
557 4196 786 4241 iuvenescente.

134 4345 237 4448 δίης.
293 4342 390 4422 Cum
425 4343 574 4439 Essem,

428 4465 552 4564 Esses,

428 4591 551 4670 Esset.

138 4717 248 4796 Plur.
295 4717 394 4797 Cum
416 4698 625 4810 Essemus,

430 4839 588 4937 Esselis,

431 4964 579 5042 Essent.

189 5110 234 5185 Si
250 5134 382 5186 essene.

1038 675 1141 738 sitnnae
1159 675 1281 756 linguae,
1304 673 1436 737 maximo
1452 673 1510 736 boc
1531 673 1612 748 loco,
1631 672 1732 755 inopia
1749 692 1887 757 conque-

1038 780 1157 850 runtur,
1187 775 1214 836 ei
1239 791 1458 854 sepenumero,
1478 789 1541 835 non
1566 777 1629 834 tam
1657 770 1748 834 verba
1766 771 1886 849 deesse,

1038 889 1131 952 quam
1145 870 1248 953 quiea
1261 869 1357 934 velint
1371 870 1541 953 exquirere.

1079 968 1178 1031 Habet
1193 967 1408 1048 conjunctivus
1429 967 1523 1048 etiam
1542 985 1633 1032 voces
1652 967 1792 1050 proprias
1812 967 1887 1050 sq‘o,

1038 1068 1126 1148 fosse,
1150 1066 1260 1148 quibus
1275 1065 1362 1129 locus
1376 1071 1439 1142 est,
1460 1083 1532 1128 cum
1547 1083 1599 1128 cas
1618 1065 1774 1147 particulae
1787 1077 1820 1127 ut
1827 1112 1839 1144 ,
1853 1085 1890 1128 ue

1040 1170 1071 1226 et
1086 1164 1152 1226 aliae
1178 1165 1335 1228 nonnulle
1353 1163 1539 1246 precedunt.
1555 1162 1646 1226 Nunc
1665 1170 1696 1227 te
1710 1182 1784 1244 rogo
1800 1172 1834 1225 ut
1851 1165 1889 1226 ab

1040 1260 1171 1324 liberalis
1177 1279 1188 1340 ;
1209 1262 1283 1324 olim
1297 1281 1333 1324 oe
1349 1281 1420 1324 esses
1432 1261 1595 1343 pmdigus,
1613 1261 1770 1342 rogabam.
1786 1263 1891 1343 Aporo

1040 1377 1113 1439 rope
1123 1368 1214 1442 teque
1226 1361 1305 1440 sejas
1315 1359 1423 1423 liberal
1430 1379 1444 1438 ,·
1455 1379 1485 1422 os
1496 1379 1585 1422 annos
1596 1358 1736 1440 periodos
1749 1367 1892 1440 ropovote

1040 1477 1094 1540 que
1120 1477 1176 1519 noo
1201 1456 1298 1522 fossas
1317 1457 1456 1539 prodipo.
1481 1456 1544 1521 Cic.
1568 1457 1608 1520 ad
1625 1456 1735 1535 autc,
1761 1457 1784 1520 l.
1811 1455 1888 1534 vttl,

1040 1573 1089 1636 ep.
1113 1557 1164 1632 l5,
1183 1558 1202 1618 3
1218 1575 1227 1619 ς
1246 1554 1366 1618 «Plura
1384 1554 1569 1632 scriberem,
1591 1555 1618 1616 si
1637 1554 1702 1637 ipsa
1717 1573 1828 1636 possem
1838 1575 1887 1633 ,Ἰ

1039 1653 1200 1734 aepode'ro.
1215 1652 1351 1730 Terent,
1368 1653 1502 1735 Adelph.
1517 1660 1578 1715 act.
1589 1652 1626 1714 V.
1642 1671 1686 1716 sc.
1702 1656 1735 1730 8,
1749 1672 1779 1716 v.
1802 1655 1863 1717 938
1880 1672 1889 1718 ε

1044 1750 1111 1812 «Si
1127 1756 1161 1814 tu
1181 1752 1221 1814 sis
1235 1751 1341 1830 homo,
1358 1752 1408 1814 bic
1430 1749 1569 1830 laciat3r
1588 1749 1627 1814 Se
1643 1749 1745 1834 foedes
1767 1751 1887 1815 bomem.

1040 1847 1146 1932 ltaque
1160 1850 1225 1927 sim,
1243 1850 1328 1912 nulla
1342 1849 1500 1932 preposita
1515 1848 1672 1930 particula,
1689 1853 1791 1930 potest
1802 1848 1890 1912 reddi

1041 1948 1171 2011 lusitane
1186 1968 1220 2011 eu
1233 1968 1295 2026 sou,
1310 1949 1401 2024 serio,
1421 1949 1484 2029 sor,
1498 1946 1587 2008 sendo
1600 1965 1652 2023 eu;
1663 1966 1760 2022 esaern,
1776 1966 1811 2008 eu
1827 1966 1888 2022 erm,

1039 2049 1122 2129 soro,
1145 2047 1238 2128 fosse,
1262 2046 1349 2108 sendo
1367 2066 1414 2108 ea.
1437 2045 1505 2118 Quo
1522 2050 1612 2125 pacto
1632 2045 1736 2126 pueris
1757 2045 1893 2109 lusitanis

1042 2146 1107 2207 haec
1120 2144 1183 2207 duo
1196 2151 1346 2225 tempora,
1358 2144 1382 2206 si
1398 2143 1463 2205 lieri
1477 2149 1593 2224 posset,
1602 2143 1765 2206 ediscenda
1778 2152 1891 2223 essent,

1040 2241 1183 2316 sublatis,
1202 2241 1347 2324 inquam,
1371 2240 1537 2324 particulis.
1560 2239 1639 2302 Nam
1663 2240 1688 2303 si
1713 2242 1892 2321 particulam

1041 2357 1209 2421 praeponas,
1225 2347 1258 2402 et
1271 2357 1362 2403 voces
1382 2339 1436 2402 bas
1457 2356 1564 2402 omnes
1585 2339 1746 2419 adjungas,
1767 2357 1829 2403 non
1842 2357 1895 2404 oo·

1041 2440 1179 2517 berent3
1196 2437 1321 2500 litenim
1336 2437 1526 2500 soloecismus
1540 2443 1595 2498 aut
1608 2442 1692 2499 certe
1707 2437 1895 2519 soloecopha-

1041 2554 1096 2598 nes
1104 2581 1114 2612 ,
1129 2535 1154 2598 si
1167 2535 1250 2598 dicas
1265 2555 1274 2598 ε
1293 2534 1380 2626 Como
1393 2554 1428 2598 eu
1439 2535 1523 2616 sejo,
1538 2553 1619 2596 como
1631 2553 1667 2596 eu
1684 2536 1771 2615 fosse.
1791 2534 1892 2608 Quare

1041 2633 1072 2696 in
1097 2631 1233 2714 margine
1255 2651 1416 2715 ponemus,
1431 2632 1523 2696 etiam
1553 2631 1627 2695 alias
1650 2632 1835 2714 particulas,
1858 2640 1893 2696 ut

1041 2733 1155 2796 tirones
1177 2726 1479 2812 intelligant'variam
1497 2747 1563 2793 esse
1587 2729 1698 2793 borum
1717 2737 1891 2813 temporum

1042 2829 1332 2910 interpretationem.

1256 3053 1461 3098 remesinum
1483 3052 1676 3097 rearncruu.
1722 3030 1725 3039 ‘

1042 3225 1147 3328 Smp.
1202 3223 1300 3304 Cum
1338 3220 1507 3320 Fuerim,

1336 3350 1366 3428 F
1368 3346 1485 3445 ueris,

1231 3543 1232 3548 ,
1336 3471 1479 3553 Fuerit.

1042 3599 1156 3679 Plur.
1201 3600 1296 3680 Cum
1335 3597 1551 3698 Fuerimus,

1336 3721 1516 3820 Fueritis,

1336 3845 1510 3927 Fuerint.

1585 3431 1614 3442 ,ι

1574 3447 1600 3460 .-
1611 3436 1670 3467 :x-

1166 4109 1370 4154 PEAETERITUM
1392 4109 1556 4160 elusanam
1577 4105 1769 4173 eburacum.

1141 4221 1152 4254 d

1045 4282 1149 4384 qu.
1204 4278 1302 4359 Cum
1339 4275 1526 4371 Fuissem,
1618 4259 1619 4264 Ν

1338 4399 1503 4494 FuisseS,

1337 4524 1504 4605 Fuisset.

1046 4655 1157 4733 Plur.
1203 4652 1299 4732 Cum
1336 4648 1571 4748 Fuissemus,

1337 4771 1532 4870 Fuisselis,

1338 4897 1527 4978 Fuissent.
