4656 6156
1331 808 1402 886 DE

588 1039 1398 1186 CONSTRUCTIONE
1459 1023 2144 1178 INTRANSITIVA

1142 1452 1610 1466 ..-———.-——·

1010 1741 1106 1849 (nn
1147 1741 1373 1822 nonina
1407 1740 1476 1820 nr
1509 1735 1722 1843 vanno)

543 2002 635 2082 221.
664 2001 838 2082 Verbum
861 2002 1065 2107 personale
1088 2000 1190 2081 finiti
1215 1997 1320 2081 modi
1348 1997 1541 2080 antecedit
1567 1996 1830 2077 nominativus
1852 2003 1984 2102 aperte
2004 1993 2064 2074 vel
2087 1992 2224 2072 occulte

487 2125 662 2233 ejusdem
682 2125 835 2208 numeri
855 2135 892 2208 et
910 2152 1095 2233 personae.

542 2248 690 2350 Cicero,
714 2250 742 2329 l.
767 2250 819 2330 lV
842 2281 852 2329 ι
879 2283 901 2324 s
922 2249 963 2332 Si
983 2253 1098 2348 valea
1118 2250 1218 2332 bene
1242 2260 1319 2353 est;
1345 2275 1413 2355 cqc
1436 2246 1593 2352 quidem
1614 2249 1737 2328 colec.
1761 2279 1782 2321 »
1808 2243 2030 2343 Terentius,
2054 2242 2222 2323 Eunucb.

489 2383 565 2456 act.
582 2376 613 2474 l,
627 2400 682 2456 se.
700 2374 740 2475 2,
757 2400 796 2452 v.
814 2374 865 2454 86
882 2405 890 2453 :

885 2577 1187 2661 panormus-r

483 2759 605 2862 ldem,
623 2760 738 2861 ibid.,
754 2767 831 2841 act.
846 2761 913 2860 lll,
929 2785 985 2841 sc.
1002 2761 1041 2859 2,
1060 2787 1098 2838 v.
1116 2760 1194 2840 465
1212 2790 1221 2838 ε

881 2964 962 3039 Quid
973 2975 1095 3044 stanna,
1109 2983 1165 3028 cur
1177 2983 1241 3028 non
1258 2965 1334 3026 iana
1347 2963 1437 3028 binct

522 3181 586 3245 lltsi
603 3181 697 3246 verba
715 3200 786 3264 qnae
806 3180 1014 3263 superacutis
1026 3185 1182 3259 vocantur,
1197 3179 1263 3244 fere
1280 3197 1333 3242 an-
1393 3179 1568 3258 uPrimum,
1585 3178 1694 3262 inquit,
1707 3177 1852 3261 Aristippi
1863 3177 2155 3260 Cyrenaicorumque
2167 3194 2230 3241 om-

482 3277 596 3341 tecedit
606 3277 785 3343 nominandi
795 3295 885 3340 casus
897 3283 1003 3359 aperte
1015 3276 1065 3339 vel
1078 3277 1211 3356 occulte,
1223 3282 1258 3339 ut
1271 3275 1334 3339 suis
1390 3277 1488 3358 nium,
1501 3296 1582 3362 quos
1599 3296 1664 3343 non
1681 3287 1724 3340 eat
1743 3277 1871 3340 umber
1888 3275 1919 3339 in
1937 3295 1974 3340 ea
1986 3277 2153 3358 voluptate,
2164 3293 2230 3357 qun

482 3375 557 3440 locis
569 3377 694 3458 planum
712 3373 880 3454 faciemus,
897 3375 991 3438 satius
1010 3380 1113 3438 tamen
1131 3375 1230 3438 visum
1247 3380 1295 3438 est
1314 3392 1333 3436 a
1390 3377 1523 3440 maxima
1539 3377 1706 3440 dulcedine
1719 3394 1842 3439 sensum
1853 3381 1999 3453 moveret,
2015 3393 2169 3438 summum
2181 3372 2232 3435 bo·

481 3472 602 3554 vulgari
618 3480 650 3536 et
666 3472 823 3537 communi
843 3473 1045 3557 preceptione
1066 3492 1130 3536 non
1154 3472 1330 3550 daoedere,
1391 3493 1467 3538 num
1478 3493 1606 3558 ponere.
1621 3497 1638 3534 r
1654 3474 1726 3538 llaec
1741 3474 1811 3538 ideo
1824 3472 1995 3552 attulimus,
2009 3471 2234 3552 utintelligero·

480 3577 574 3653 atque
593 3570 625 3634 in
647 3590 682 3635 re
703 3589 766 3634 non
788 3571 831 3634 ita
852 3572 955 3653 magni
978 3571 1130 3636 momenti
1152 3571 1330 3650 connivere,
1389 3592 1459 3636 mus
1477 3590 1541 3637 non
1564 3593 1631 3638 esse
1650 3573 1710 3636 boc
1727 3572 1891 3636 verborum
1913 3589 2012 3653 genus
2029 3590 2050 3633 a
2067 3569 2234 3650 junioribm

480 3688 574 3752 quam
594 3671 790 3734 stomachum
809 3670 846 3733 iis
863 3689 1003 3750 morere,
1022 3671 1054 3734 in
1071 3688 1204 3753 quorum
1225 3670 1334 3733 animis
1389 3667 1594 3749 grammaticis
1607 3668 1784 3732 confictum.
1794 3667 1853 3741 Qui
1861 3667 2075 3750 impersonalia
2082 3667 2122 3730 de
2133 3665 2234 3728 medic

480 3775 568 3832 vetus
586 3769 691 3851 opinio
711 3769 777 3850 jam
794 3769 869 3833 olim
888 3770 1010 3853 penitus
1031 3769 1203 3834 imedisset.
1231 3769 1332 3842 duan·
1389 3767 1588 3843 sustulerint,
1602 3785 1665 3830 non
1682 3767 1755 3830 satis
1766 3785 1876 3830 corum
1894 3771 2035 3828 naturam
2048 3765 2171 3848 vimque
2183 3781 2235 3828 ro·

479 3886 585 3951 qnam,
600 3867 626 3931 si
643 3868 712 3951 quis
731 3867 798 3932 haec
817 3868 859 3932 ad
878 3868 981 3932 vivum
1002 3886 1141 3933 resecare
1158 3868 1241 3945 velit,
1257 3886 1333 3932 non·
1389 3863 1489 3926 sabuli
1504 3863 1646 3927 videntur
1663 3864 1862 3946 perspexisse.
1881 3862 1951 3926 Non
1971 3862 2054 3926 enim
2068 3862 2109 3925 ita
2126 3862 2235 3944 imper·

479 3966 564 4029 nulla
584 3965 694 4048 procul
717 3965 811 4029 dnbio
833 3966 926 4031 rerba
951 3967 1094 4050 reperiet,
1119 3985 1189 4048 quae
1211 3966 1331 4030 nullum
1388 3961 1505 4026 sonalia
1518 3963 1724 4044 appellantur,
1739 3968 1773 4026 ut
1791 3963 1823 4022 in
1842 3960 2016 4046 prepositio
2035 3959 2233 4042 privationem

478 4081 602 4146 prorsus
608 4071 680 4128 ante
692 4082 725 4127 se
738 4063 997 4128 casumhabeant.
1006 4063 1111 4142 Varro,
1119 4063 1159 4127 de
1167 4064 1253 4145 ling.
1261 4064 1332 4140 lat,
1388 4060 1567 4125 nominativi
1579 4079 1729 4144 personae,
1744 4067 1913 4138 maneant,
1928 4061 2048 4140 agentis
2059 4059 2108 4122 rel
2120 4058 2234 4141 patien-

478 4161 502 4225 l.
516 4161 556 4241 ll,
577 4165 628 4240 32,
648 4161 742 4225 verba
761 4161 977 4245 impersonalia
997 4161 1133 4245 appellat
1154 4162 1332 4225 declinabo
1389 4159 1428 4221 tis
1440 4159 1586 4238 declaret,
1600 4165 1636 4223 ut
1648 4160 1741 4240 vulgo
1755 4177 1936 4242 persuasum
1949 4163 2013 4238 est3
2028 4158 2084 4221 sed
2096 4156 2167 4220 ideo
2179 4157 2233 4220 im-

477 4275 555 4322 num
575 4259 692 4342 species
712 4279 782 4342 quse
799 4259 915 4324 habent
935 4265 1075 4343 tempora
1094 4260 1159 4323 sine
1174 4260 1329 4342 personis;
1388 4257 1572 4338 personalia,
1585 4257 1648 4320 sive
1662 4257 1779 4340 species
1789 4257 2030 4321 declinationum
2042 4275 2110 4338 quae
2123 4254 2234 4318 babent

477 4375 555 4439 quas
572 4357 691 4440 specics
708 4357 750 4420 ait
770 4376 838 4422 esse
861 4365 1018 4442 quatuor:
1037 4357 1182 4440 repandi,
1204 4364 1240 4421 ut
1259 4357 1332 4420 aera-
1387 4361 1528 4439 tempora
1535 4357 1602 4419 sine
1610 4356 1920 4440 personisaVarrone
1931 4355 2086 4434 dicuntur,
2097 4360 2234 4437 propter·

478 4463 566 4518 turne
578 4461 612 4518 et
623 4455 800 4519 memoret
813 4456 1021 4540 respondendi,
1034 4456 1144 4521 eadem
1156 4456 1255 4538 ligura
1265 4454 1331 4518 lieri
1389 4472 1426 4517 ea
1445 4455 1532 4538 quod
1550 4455 1708 4539 privantur
1726 4455 1887 4538 precipuis
1907 4454 2069 4536 personis,
2088 4452 2151 4516 boc
2175 4458 2234 4528 est,

477 4551 622 4617 extremis
647 4552 770 4635 syllabis
795 4553 949 4637 demptis3
976 4553 1117 4637 optandi,
1137 4559 1174 4617 ut
1196 4555 1330 4630 mentm,
1387 4553 1488 4636 prima
1511 4560 1542 4617 et
1566 4554 1723 4635 secunda3
1748 4560 1840 4637 atque
1860 4555 1903 4616 ita
1923 4573 1957 4616 se
1977 4571 2045 4616 rem
2067 4550 2180 4615 babere
2198 4569 2235 4614 ex

477 4659 604 4728 mortar,
623 4652 787 4731 canetur,
802 4661 975 4731 eamearn
986 4651 1164 4735 imperandi,
1180 4657 1255 4733 etc.;
1276 4651 1331 4734 qui
1387 4652 1499 4716 eodem
1511 4651 1648 4718 Varrone
1661 4672 1718 4718 suo
1731 4653 1800 4716 loco
1812 4652 2002 4734 apertissime
2019 4647 2236 4714 demonstrabi-

476 4748 619 4813 Varronis
629 4748 720 4814 locus
731 4749 990 4834 locupletissimos
1002 4750 1087 4814 testis
1099 4756 1158 4829 est,
1173 4749 1267 4813 etiarn
1282 4749 1330 4812 Gi·
1389 4769 1471 4814 mus.
1482 4752 1549 4825 Qua
1561 4752 1601 4816 de
1614 4772 1648 4816 re
1660 4752 1803 4817 hocloco
1816 4769 1856 4814 ne
1868 4750 1997 4814 verbum
2010 4748 2138 4832 quidem
2149 4747 2236 4811 laria

477 4849 598 4913 caronis
610 4853 709 4928 aetate
724 4847 818 4912 luisse
832 4851 954 4930 cognita
966 4849 1059 4913 rerba
1071 4868 1140 4932 que
1153 4848 1265 4931 posteri
1275 4849 1329 4911 im·
1387 4857 1568 4933 preceptor,
1580 4851 1634 4932 qui
1643 4852 1705 4934 suis
1713 4850 1900 4916 auditoribus
1907 4848 2085 4914 consultum
2095 4849 2189 4911 volet.

471 4947 644 5028 perunctia
655 4946 865 5010 nominarunt.
876 4947 1002 5026 Gellius,
1014 4948 1037 5009 l.
1049 4947 1119 5026 XV,
1132 4967 1161 5011 o.
1177 4951 1229 5026 13,
1243 4965 1329 5013 more
1426 4949 1549 5030 Aperta
1567 4954 1598 5010 et
1614 4949 1755 5029 parisatis
1776 4967 1882 5027 voces,
1908 4967 1984 5030 quas
2005 4947 2148 5029 plerique
2167 4945 2235 5009 huic

476 5050 580 5109 nostro
590 5044 713 5108 locutus
728 5051 785 5108 ast.
806 5043 949 5122 Veritam,
961 5045 1076 5126 inquit,
1091 5045 1170 5110 sicut
1179 5045 1329 5127 puditum,
1387 5053 1541 5130 praecepto
1565 5047 1697 5125 addunt,
1720 5049 1860 5112 consulto
1883 5046 2150 5131 pretermisimus,
2172 5053 2235 5110 tum

471 5142 620 5223 plattam,
641 5161 703 5207 non
725 5143 926 5225 personaliter
949 5162 1005 5225 per
1020 5143 1176 5206 infinitum
1200 5145 1329 5209 modum
1386 5145 1470 5228 quod
1484 5163 1594 5226 parum
1613 5145 1725 5210 saciant
1738 5147 1779 5210 ad
1792 5149 1859 5227 ejns
1871 5147 2091 5228 cognitionem,
2109 5152 2178 5208 tum
2189 5144 2234 5208 rel

475 5239 592 5303 dictum
611 5259 679 5304 csse
694 5258 758 5304 non
775 5241 1022 5306 aveontiorthm
1037 5245 1159 5304 tantum
1175 5241 1324 5317 ridemus,
1385 5243 1530 5322 maxime,
1541 5263 1581 5308 ne
1595 5244 1645 5308 cui
1655 5263 1761 5308 ansam
1769 5245 1978 5328 praeberemus
1985 5242 2233 5326 philosophandi,

475 5337 532 5402 sed
554 5336 632 5402 ab.
652 5355 780 5422 quoque
798 5337 910 5418 Tullio,
928 5337 957 5402 ll
978 5338 1019 5402 de
1035 5337 1104 5401 llin.
1124 5341 1166 5417 (c.
1187 5342 1237 5420 13,
1252 5341 1325 5419 atta
1385 5357 1449 5408 non
1462 5342 1530 5409 aine
1543 5344 2035 5427 temporisjmturaetpuerorum
2043 5343 2195 5408 uncam.
2214 5357 2234 5423 ·,
