4678 6162
719 601 763 654 DE
783 600 967 654 cruuntur!
986 596 1212 654 nlunuslorln.

97 731 363 810 Vehiliustemen,
385 734 408 796 l.
432 732 481 810 lV,
505 751 534 794 u.
561 733 632 812 813,
655 731 757 815 cuique
775 731 943 815 posteriore

98 829 191 913 longa
205 831 300 894 dixit:

160 982 187 1034 Si
198 982 251 1034 erit
261 988 288 1034 et
299 981 375 1034 sedes
382 980 514 1047 lugiemlu,
523 980 633 1047 peteuda
643 987 744 1050 cuique.

138 1115 218 1179 Huic
239 1115 322 1198 upud
344 1115 487 1194 Statium,
510 1114 623 1194 lsilv,
645 1115 691 1180 bis
713 1116 823 1198 legitur
844 1116 945 1200 priore

98 1213 486 1296 brevi30urm.l,u.107:

161 1365 247 1418 Laetus
258 1363 319 1416 ibic
335 1364 404 1416 douo
417 1362 505 1416 videus
516 1363 579 1417 dare
590 1364 666 1417 thura
674 1371 791 1431 nepotes.

99 1497 139 1564 Et
152 1518 246 1564 curm.
262 1502 293 1578 2,
306 1517 335 1562 v.
348 1501 427 1561 135:

161 1647 253 1700 Falsus
262 1647 323 1700 iilic
332 1661 441 1714 pennas,
451 1655 479 1702 et
491 1648 587 1700 cornui
600 1653 715 1701 sumeret
723 1648 820 1701 aethrae.

98 1783 270 1868 Utrumque
290 1803 410 1848 uersum
428 1785 516 1850 alleri
541 1785 711 1850 Priscianus
734 1785 845 1850 codem
864 1785 947 1862 loco,

97 1883 120 1947 l.
135 1883 218 1962 lllll,
234 1903 265 1966 p.
277 1887 349 1960 961,
364 1891 512 1968 putetque
522 1884 645 1948 uStutio
661 1884 824 1966 utrobique
835 1883 948 1948 lactum

98 2001 167 2046 esse
184 1981 347 2046 dieresim.

39 2077 43 2086 '
138 2080 256 2145 Probus
271 2079 324 2159 uit,
339 2099 372 2162 p.
387 2084 477 2159 llud,
494 2080 522 2143 ei
540 2079 677 2144 iambum
689 2099 775 2161 csse,
789 2081 874 2164 quod
889 2079 949 2145 Lu·

98 2179 213 2244 cretius
226 2179 368 2262 pmduxit
379 2179 401 2241 l.
415 2179 467 2257 Vl,
481 2198 513 2262 p.
529 2181 609 2244 796:

162 2339 195 2392 Et
203 2339 324 2393 munibus
332 2337 442 2391 nitidum
453 2339 550 2393 teneris
565 2353 631 2405 opus
639 2339 721 2393 elllult
731 2339 766 2394 ei.

98 2472 132 2537 ln
147 2474 271 2553 eodem,
284 2494 314 2539 r.
328 2479 387 2540 675
404 2493 413 2538 z

163 2630 268 2684 Scilicet
280 2629 555 2696 chunimundum
565 2631 694 2684 maximus
705 2633 731 2685 ei
742 2637 791 2684 ost.

1765 575 1840 654 497

1000 731 1197 815 Suspicnutur
1210 731 1335 814 quidum
1349 751 1422 796 eum
1439 732 1479 795 eit
1494 733 1619 814 gemino
1632 734 1657 795 ii
1674 733 1841 816 scripsisse,

1000 829 1195 912 prioremque
1207 829 1388 911 productum
1397 849 1463 895 osse
1476 831 1633 913 positione.
1644 831 1738 895 Prisci
1749 832 1842 911 enim,

1000 932 1137 1010 utsupra
1149 927 1314 1006 diximus,i
1322 928 1401 1002 inter
1412 929 1843 1011 duusvocelesgeminubent:

1001 1027 1073 1102 aiio,
1089 1027 1201 1106 Moiio;
1214 1027 1258 1090 sic
1272 1028 1356 1106 eiiru,
1369 1027 1443 1092 etin
1457 1028 1571 1105 dativo,
1586 1036 1704 1093 serrato
1714 1039 1845 1112 utroque

1001 1125 1024 1201 i,
1048 1124 1097 1187 eii.
1120 1125 1190 1190 llaec
1215 1132 1262 1189 est
1284 1126 1375 1190 Probi
1395 1133 1487 1210 utque
1514 1126 1656 1191 Prisciani
1685 1129 1846 1193 sententia.

1002 1222 1100 1287 Probo
1119 1223 1262 1288 libentius
1277 1225 1404 1289 accedo.
1426 1226 1531 1310 ltaque
1549 1229 1609 1305 cui,
1625 1227 1703 1304 huic,
1718 1230 1754 1306 ei,
1771 1233 1847 1310 puto

1002 1331 1109 1405 suupte
1128 1330 1235 1387 nutura
1257 1323 1419 1407 dissyllaba
1437 1343 1514 1403 esse,
1532 1332 1566 1389 ut
1587 1325 1642 1404 dii,
1663 1326 1733 1404 diis,
1747 1327 1781 1407 ii,
1797 1326 1846 1406 iic,

1003 1439 1072 1504 quae
1085 1420 1150 1485 lere
1165 1423 1291 1504 upoetis
1302 1423 1533 1488 contrahuntur.
1546 1423 1633 1498 Quod
1643 1443 1714 1488 vero
1724 1423 1848 1488 Priscia-

1003 1537 1061 1584 nus
1070 1520 1125 1597 uit,
1140 1520 1274 1584 dativum
1295 1521 1456 1586 nominum
1475 1522 1753 1605 pronominumque
1772 1539 1849 1606 quo·

1003 1637 1073 1682 rum
1093 1619 1241 1700 genitivus
1255 1621 1317 1683 exit
1330 1620 1362 1683 in
1374 1621 1432 1698 riu,
1453 1621 1605 1685 minorem
1627 1641 1693 1686 esse
1715 1620 1849 1703 genitivo

1006 1736 1066 1781 unu
1079 1716 1207 1801 syllaba,
1218 1716 1257 1780 de
1272 1717 1307 1782 iis
1320 1718 1532 1800 accipiendum
1546 1726 1592 1784 est
1603 1738 1736 1802 quorum
1748 1725 1850 1783 rectus

1005 1817 1081 1881 dues
1096 1816 1191 1881 hubet
1212 1817 1355 1900 syllabus,
1371 1825 1404 1882 ut
1420 1838 1507 1896 uum,
1529 1819 1594 1896 nte,
1614 1819 1703 1896 solus,
1724 1825 1785 1883 eto.
1808 1818 1851 1882 At

1004 1916 1079 1999 quis,
1093 1915 1150 1992 hic,
1168 1917 1193 1978 is
1210 1915 1422 2000 monosyllaba
1434 1921 1516 1982 sunt.
1531 1916 1593 1981 Sed
1612 1915 1689 1995 huso,
1705 1922 1740 1981 ut
1752 1915 1850 1981 multu

1005 2015 1073 2091 uliu,
1090 2013 1333 2078 viderintcritici.

1044 2113 1200 2192 Deorsum,
1214 2131 1351 2191 seorsum,
1360 2111 1518 2194 prebendo,
1531 2113 1673 2196 prehenso
1680 2113 1849 2194 omisimus,

1005 2210 1090 2294 quod
1105 2211 1156 2275 illa
1169 2211 1236 2277 lere
1250 2212 1331 2295 opud
1354 2213 1470 2295 priscos
1483 2219 1590 2296 poetes
1611 2213 1757 2294 leguntur
1777 2231 1850 2278 con·

1006 2316 1118 2392 tractu;
1135 2312 1201 2375 haec
1213 2330 1297 2391 vero,
1319 2312 1390 2395 quie
1404 2309 1479 2375 nihil
1493 2317 1539 2376 est
1557 2330 1643 2376 cura
1665 2310 1765 2395 poetis
1778 2330 1851 2376 con·

1006 2409 1174 2489 trahuntur,
1189 2429 1261 2474 eum
1286 2408 1409 2492 prendo,
1434 2430 1542 2494 premo
1565 2409 1656 2475 verbu
1678 2409 1850 2488 imminuta,

1006 2516 1070 2574 tum
1083 2509 1143 2575 sint
1161 2511 1193 2573 in
1215 2527 1274 2574 usu
1296 2528 1391 2592 quum
1409 2501 1515 2591 plenu3
1530 2515 1563 2575 et
1575 2509 1657 2593 upuel
1679 2509 1850 2590 Virgilium,

1007 2606 1078 2673 AEn.
1093 2607 1131 2687 ll,
1146 2627 1176 2672 v.
1191 2609 1262 2688 lli,
1275 2616 1430 2690 prauum,
1446 2614 1481 2672 ut
1500 2607 1627 2692 quidum
1641 2607 1744 2673 citent.

777 2967 1177 3065 SVNhLOEPHE

748 3118 771 3184 t

157 3223 249 3302 533.
279 3221 499 3326 &calepio
523 3227 582 3302 est
604 3246 694 3301 cum
716 3217 859 3300 vocalis
880 3225 945 3298 aut
966 3215 1230 3324 diphthongus
1256 3214 1508 3322 precedentis
1531 3214 1713 3298 dictionis
1737 3242 1760 3297 a
1786 3244 1852 3299 se-

102 3344 239 3452 quenti
253 3342 454 3451 excipitur,
472 3352 511 3426 et
525 3343 691 3449 quodam
705 3343 818 3424 modo
833 3343 1070 3423 absorbetur.
1087 3339 1286 3450 Virgilius,
1304 3341 1396 3420 AEn.
1413 3341 1480 3441 lX,
1495 3366 1532 3419 v.
1554 3341 1571 3420 l
1595 3371 1604 3420 :

503 3530 600 3614 Atque
612 3549 649 3595 eu
662 3529 779 3594 diverse
792 3528 913 3612 penitus
927 3526 1002 3591 dum
1011 3531 1097 3610 purte
1111 3531 1270 3609 geruntur.

100 3693 222 3794 ldem,
239 3695 331 3774 AEn.
348 3694 394 3790 ll,
409 3719 447 3772 v.
469 3693 514 3772 l:

498 3878 675 3945 Conticuere
687 3895 806 3957 omnes,
820 3875 984 3961 intentique
995 3895 1048 3942 ora
1058 3875 1217 3942 tenebunt.

100 4041 222 4145 ldem,
239 4043 331 4122 AEn.
350 4042 399 4142 X,
416 4068 455 4122 v.
474 4042 577 4122 262:

713 4287 716 4302 Ι
779 4243 920 4263 .....
943 4197 1115 4262 Clamorem
1127 4196 1275 4261 adsidere
1288 4197 1401 4263 tollunt

498 4295 680 4363 Dardanide
697 4315 715 4362 e
730 4297 825 4360 muris
832 4313 844 4377 3
858 4315 929 4380 spes
943 4295 1045 4360 additu
1060 4295 1183 4360 suscitet
1201 4295 1269 4360 ires.

837 4593 1108 4666 EXCEPTIO.

160 4771 189 4852 0
212 4782 252 4854 et
275 4771 361 4873 deu,
378 4777 565 4878 sequente
587 4769 711 4853 vocali
732 4778 799 4852 uut
819 4769 1073 4881 diphthongo,
1097 4768 1247 4880 integro
1269 4777 1443 4853 mouent.
1464 4768 1662 4880 Virgilius,
1685 4773 1775 4853 AEu.
1794 4771 1843 4872 X,

99 4899 230 4980 v.l8:

501 5057 630 5142 Oputer,
646 5078 662 5121 o
676 5056 837 5122 homiuum
851 5057 1017 5141 diuumque
1027 5063 1140 5122 aetemu
1148 5061 1300 5140 potestus!

99 5220 644 5323 sunninchusen:

500 5397 589 5462 Heu!
600 5399 651 5463 ubi
665 5396 775 5463 siderei
787 5382 973 5463 vultustubi
985 5397 1075 5463 verbu
1086 5397 1185 5480 ligetis

499 5497 680 5580 lmperlectu
690 5496 794 5564 sonist
