4646 6164
708 562 753 614 DE
772 560 946 614 monstrt
965 553 1262 616 coustaucrtorttt.

107 702 189 794 aut,
205 693 366 793 ibidem,
381 696 484 795 Vlll,
500 721 538 774 v.
558 693 607 776 27
628 724 637 772 ε

505 870 642 934 Alituum
655 868 873 952 pecudumque
881 815 1088 950 genas-sopor
1099 868 1180 933 altus
1191 869 1339 952 babebat;

107 1031 188 1124 aut,
206 1022 367 1124 ibidem,
385 1025 415 1124 l,
432 1049 470 1102 v.
490 1023 513 1101 2
532 1053 541 1101 :

507 1200 632 1264 Italiam
645 1199 710 1264 fato
723 1199 872 1284 profugus
885 1198 1058 1280 Lavinaque
1073 1198 1168 1263 venit'

507 1297 641 1370 littora3
697 1296 699 1300 ’

105 1459 188 1550 aui,
207 1448 371 1550 ibidem,
387 1477 425 1529 v.
444 1451 491 1529 ll
515 1481 523 1529 :

505 1635 605 1700 Unius
615 1634 657 1699 ob
670 1652 781 1698 noxam
795 1639 827 1697 et
842 1631 938 1695 furias
954 1633 1056 1712 Aiacis
1073 1633 1163 1713 (iiten

102 1833 196 1890 cum
212 1807 310 1905 baec,
327 1805 506 1911 inquam,
530 1813 568 1885 et
592 1802 738 1884 similia
760 1803 879 1910 leget,
907 1826 957 1882 ne
978 1809 1090 1906 putet
1111 1802 1330 1910 principem
1351 1814 1554 1911 poetarum
1577 1807 1864 1892 barbarismum

103 1931 260 2016 iecisse.
291 1931 412 2012 Multa
441 1927 547 2009 enim
575 1927 700 2035 poetis
728 1926 1011 2033 permittuntur
1035 1951 1122 2032 quae
1149 1929 1297 2009 caeteris
1322 1930 1571 2038 scriptoribus
1600 1933 1863 2043 denegantur3

104 2081 234 2164 neque
263 2053 426 2136 miretur
454 2053 485 2134 si
514 2053 617 2159 apud
646 2053 699 2132 M.
729 2050 915 2150 Tullium,
944 2057 1141 2131 oratorum
1171 2052 1401 2160 principem,
1426 2056 1606 2157 laborum,
1631 2065 1864 2161 sestertium,

103 2207 327 2288 copnorom,
353 2191 498 2259 emunt
521 2178 693 2283 aliasque
719 2175 765 2255 id
784 2202 908 2284 genus
932 2175 1139 2256 verborum
1162 2175 1455 2262 imminutiones
1484 2181 1710 2287 offenderit3
1743 2211 1867 2292 neque

103 2306 213 2388 enim
234 2303 467 2387 barbarismi
487 2310 577 2384 sunt
598 2301 852 2401 detractione,
872 2299 904 2380 si
922 2299 1083 2407 quidem
1102 2329 1124 2382 a
1144 2305 1442 2405 consuetudine,
1457 2307 1670 2389 certissima
1684 2311 1865 2416 loquendi

104 2430 257 2540 regula,
274 2429 527 2537 impetratum
541 2437 598 2508 est
611 2436 656 2507 ut
669 2426 787 2508 etiarn
803 2423 1021 2506 oratoribus
1033 2424 1087 2506 sic
1102 2425 1208 2532 loqui
1224 2427 1372 2508 liceret.
1400 2509 1402 2513 ,

143 2695 301 2774 Queritur,
316 2694 338 2758 l.
354 2694 380 2772 1,
391 2713 421 2758 c.
431 2698 463 2772 5,
478 2698 529 2766 tl,
544 2692 747 2768 Quintilianus
754 2692 794 2756 de
802 2710 956 2774 mamma·
1012 2693 1184 2775 praelegunt
1210 2694 1419 2760 criminantur.
1438 2697 1557 2761 Deinde
1576 2698 1723 2780 subiicit:
1744 2723 1760 2762 c
1782 2699 1865 2765 Scire

103 2793 185 2871 ticis,
205 2793 259 2876 qui
275 2792 307 2855 in
318 2792 519 2874 jactationem
535 2791 714 2855 eruditionis
732 2791 873 2872 exempla
887 2790 957 2854 bar·
1013 2797 1119 2854 autem
1137 2790 1230 2854 debet
1249 2811 1327 2874 puer
1341 2792 1407 2856 baec
1423 2793 1505 2875 apud
1519 2795 1683 2877 scriptores
1696 2797 1865 2862 carminum

104 2890 229 2956 barismi
248 2896 377 2954 sumunt
395 2908 434 2953 ex
447 2889 546 2970 poetis
554 2935 576 2968 ,.
587 2906 703 2970 eosque
719 2893 863 2952 auctores
876 2905 959 2970 quos
1014 2894 1068 2951 aut
1081 2888 1169 2951 venia
1183 2888 1287 2971 digna,
1301 2897 1356 2954 aut
1369 2892 1462 2954 etiam
1475 2892 1559 2955 laudi
1571 2892 1655 2958 duci.
1672 2916 1688 2953 a

480 3282 563 3342 QUID
582 3281 689 3332 INTER
708 3279 956 3334 atnaaatsnuat
977 3281 1021 3334 ΕΤ
1042 3280 1278 3334 sotOEclstttJtt
1299 3282 1474 3334 lll'l'llllSl'l'.

150 3520 240 3592 430.
264 3529 473 3595 barbarismus
492 3529 529 3594 lit
547 3529 579 3592 in
599 3529 727 3611 siugulis
738 3529 848 3608 verbis,
868 3531 958 3594 soloe-
1015 3531 1162 3616 postulat.
1180 3531 1247 3596 lloc
1260 3531 1397 3614 alodiam
1417 3538 1465 3596 est
1486 3552 1600 3612 meam
1614 3534 1712 3597 Calas
1729 3540 1862 3601 estsere-

100 3628 217 3693 cismus
227 3628 261 3692 in
274 3629 481 3720 contextuvel
496 3628 659 3711 complexu
673 3628 829 3692 orationis.
845 3627 958 3692 Barba·
1014 3649 1081 3717 aas,
1096 3629 1274 3694 barbarismi
1296 3637 1416 3694 mutum
1434 3637 1509 3694 sunt
1521 3650 1575 3714 per
1597 3649 1722 3711 genera,
1736 3639 1773 3695 ut
1793 3639 1863 3696 ante

99 3726 214 3790 risurus
226 3725 393 3790 dictionem
404 3743 499 3789 unam
511 3725 604 3790 laedat
610 3743 621 3805 ;
634 3725 823 3790 soloecismus
831 3743 958 3806 compo·
1015 3727 1205 3791 dictumest.
1228 3727 1328 3791 Irasco
1349 3727 1417 3806 tibi,
1434 3734 1631 3812 perreqrote,
1655 3729 1864 3794 barbarismus

99 3823 246 3888 sitionem
258 3823 438 3907 oonumpit.
451 3823 661 3888 barbarismus
669 3829 717 3888 est
725 3823 820 3887 dictio
830 3839 893 3885 una
903 3828 957 3885 aut
1013 3825 1118 3889 itidem
1137 3833 1183 3890 est
1196 3825 1383 3890 detractione
1403 3825 1507 3890 literas.
1523 3827 1616 3890 nooeo
1636 3847 1654 3890 o
1673 3836 1713 3906 te,
1728 3829 1864 3893 'soloecis-

99 3923 265 4004 peregrina
285 3927 342 3985 aut
357 3920 450 3985 latina
464 3921 600 4004 quidem,
615 3921 671 3986 sed
691 3925 852 4004 corrupta3
868 3921 957 3985 soloe-
1014 3941 1095 3986 mus.
1109 3957 1150 3971 -
1161 3924 1202 3986 At
1214 3921 1430 4001 barbarismus,
1443 3922 1572 4005 inquies,
1591 3930 1638 3988 est
1646 3925 1834 3990 detractione
1844 3948 1867 3988 r.

100 4019 218 4084 usurus
230 4018 395 4084 estvitiosa
408 4019 604 4101 compositio.
619 4018 726 4102 ltaque
738 4019 770 4083 in
783 4018 956 4083 soloecismo
1014 4020 1121 4098 literae,
1137 4027 1171 4084 ut
1183 4023 1280 4084 iraaro
1294 4020 1358 4098 nti,
1368 4039 1512 4104 peraeque
1521 4031 1559 4084 te.
1572 4021 1641 4086 Non
1654 4030 1739 4087 recte
1753 4032 1861 4107 putas:

99 4116 231 4200 ungula
245 4135 340 4182 voces
352 4118 544 4196 suntlatime,
554 4118 696 4183 sedinter
707 4137 740 4182 se
749 4116 957 4198 discrepantes
1013 4119 1063 4182 hic
1077 4118 1161 4183 enim
1173 4117 1363 4183 solaecismus
1376 4125 1422 4182 est
1430 4137 1487 4202 per
1499 4136 1623 4200 genera,
1635 4121 1661 4184 si
1672 4120 1798 4203 quidem
1807 4139 1864 4203 po·

101 4219 133 4280 et
150 4221 263 4280 contra
276 4216 482 4297 grammaticae
495 4222 648 4299 precepta
660 4215 852 4298 compositae.
864 4214 956 4278 Ilicet
1014 4216 1097 4279 nitur
1119 4215 1251 4280 activum
1266 4215 1394 4279 verbum
1417 4234 1475 4297 pro
1488 4216 1626 4298 passiv03
1640 4218 1702 4281 illic
1717 4236 1779 4281 non
1792 4237 1862 4301 per·

100 4309 232 4376 tortasse
255 4311 385 4394 aliquis:
410 4312 480 4377 Non
504 4332 571 4394 epeo
593 4318 679 4377 tuam
706 4311 957 4388 odnmainom·
1013 4317 1172 4376 mutantur
1184 4331 1298 4394 genera
1312 4313 1487 4390 verborum,
1502 4313 1558 4376 sed
1576 4314 1783 4397 corrumpitur
1796 4324 1863 4378 tau·

99 4408 297 4475 Perrolutavi
316 4410 421 4476 omnia
442 4413 556 4494 arbita
581 4411 728 4489 Ciceroni,
752 4410 956 4475 barbarismos
1013 4414 1080 4474 tum
1106 4428 1164 4474 vox
1185 4410 1278 4474 latina
1297 4409 1489 4474 detractione
1513 4410 1604 4474 unius
1629 4411 1736 4476 bara.
1760 4410 1862 4485 Quidt

99 4527 182 4586 m,
200 4525 266 4573 non
280 4508 479 4574 soloecismos.
496 4509 560 4573 illio
578 4510 661 4574 enim
675 4516 795 4574 tautum
813 4508 956 4589 adjicitur
1012 4507 1117 4570 ltisisti
1127 4507 1227 4571 adme
1245 4525 1393 4589 magnum
1408 4507 1558 4586 libellam·
1570 4507 1671 4572 Tuum
1683 4509 1861 4592 peculiotam

98 4625 129 4668 aa
142 4605 249 4685 litera3
264 4605 316 4668 hic
336 4606 642 4685 vero,adetrahitur.
660 4606 787 4686 Verum,
804 4606 830 4670 ai
844 4606 957 4670 utrius-
1013 4613 1238 4687 estmagnum3
1262 4611 1348 4670 estne
1371 4605 1574 4669 barbarismus
1590 4624 1629 4669 an
1652 4607 1861 4672 solaecismus?

98 4720 164 4784 quc
188 4700 254 4764 vitii
277 4700 489 4768 definitionem
507 4703 670 4786 diligenter
691 4701 845 4786 inspicias,
864 4701 956 4766 tacite
1013 4703 1141 4767 Videtur
1158 4703 1362 4782 soloecismus,
1382 4721 1454 4767 cnm
1475 4709 1691 4787 permutentur
1703 4723 1773 4787 quae
1789 4712 1862 4767 sunt

99 4799 259 4880 intelliges
278 4799 465 4865 soloecismos
478 4818 556 4865 esso.
572 4800 651 4865 Nam
664 4819 736 4864 cum
749 4800 842 4865 verba
854 4799 957 4863 maro-
1013 4803 1152 4883 ejusdem
1163 4801 1257 4884 partis
1263 4819 1274 4881 3
1296 4801 1422 4884 ponitur
1440 4802 1523 4866 enim
1541 4819 1656 4867 nomen
1675 4803 1862 4866 diminutum

98 4899 257 4973 anunm,
279 4896 427 4976 Ciceroni,
444 4899 539 4962 latina
561 4899 634 4977 sint,
657 4904 751 4981 atque
769 4899 849 4963 adeo
875 4897 956 4962 bene
1013 4918 1070 4982 pro
1095 4901 1225 4981 integro.
1248 4899 1425 4981 Respondet
1451 4899 1654 4974 Quintilianus
1680 4903 1792 4965 mdem
1812 4919 1863 4964 ca·

98 4996 209 5072 lmine,
219 4995 324 5059 nullus
333 4995 520 5078 relinquitur
532 4997 621 5062 locus
632 4995 831 5075 barbarismo,
840 4997 906 5079 qni,
923 5003 958 5060 ut
1013 4999 1089 5081 pite,
1105 5001 1157 5079 to,
1175 4999 1223 5062 his
1236 4997 1352 5062 uerbis:
1372 4996 1499 5061 «Erunt
1517 4997 1571 5081 qui
1584 4997 1792 5063 solaecamum
1804 5017 1862 5080 pu·

99 5095 249 5169 diximus,
265 5098 319 5157 aut
330 5101 378 5157 est
390 5095 484 5160 dictio
496 5095 637 5174 barbara,
648 5101 701 5158 aut
715 5095 808 5159 latina
817 5095 954 5178 quidem,
1013 5101 1088 5176 tent,
1105 5096 1176 5179 quia
1188 5115 1244 5178 pro
1259 5095 1383 5159 nominc
1397 5095 1518 5177 integro
1527 5095 1663 5177 positum
1676 5095 1716 5158 sit
1727 5095 1861 5159 diminu-

97 5193 156 5258 sed
181 5191 292 5256 uitiosa
312 5191 427 5275 scripto
450 5199 504 5257 ant
526 5192 786 5276 pronuntiatione.
810 5192 957 5276 Superest
1014 5201 1092 5257 tum.
1102 5191 1281 5274 Egodubito
1291 5210 1331 5255 an
1340 5191 1371 5255 id
1380 5192 1684 5274 impropriampotius
1693 5192 1860 5277 appellem,

99 5289 197 5372 igitur
209 5288 380 5353 videndum
391 5309 466 5354 num
479 5291 624 5356 orationis
637 5296 738 5374 partes
751 5292 830 5356 inter
842 5311 875 5356 sc
884 5309 958 5355 con·
1013 5289 1234 5372 significatione
1245 5290 1328 5354 enim
1335 5290 1465 5354 deerrat.
1477 5289 1645 5354 Soioecismi
1653 5308 1744 5374 porro
1753 5290 1859 5355 vitium

97 5387 249 5466 sentiam,
271 5387 534 5470 quemadmodum
556 5395 643 5454 recta
660 5390 736 5454 ratio
752 5389 956 5473 grammatice
1013 5407 1074 5456 non
1087 5393 1133 5454 cst
1145 5389 1177 5452 in
1190 5405 1296 5468 sensu,
1310 5388 1365 5454 sed
1377 5389 1410 5451 in
1423 5388 1631 5472 complexu.»
1648 5388 1720 5453 lieo
1735 5387 1797 5454 ille.
