4654 6168
452 489 525 574 148
1045 569 1049 576 ,
1085 517 1129 566 rra
1157 516 1349 568 conuersus
1377 517 1554 570 uourunn.

596 648 685 730 160.
718 651 770 729 Or
784 648 955 728 maribus
969 647 1085 730 servit
1100 647 1127 747 ¹,
1147 649 1345 730 muliebris
1359 650 1668 732 domiturarbor.

717 774 920 853 Accedunt
933 775 1081 854 neutris
1094 802 1175 874 eor,
1190 778 1300 875 ador,
1317 801 1484 880 cumque
1498 801 1660 882 aequore,
1678 801 1860 856 rnarmor.

715 896 913 1005 Erigitur
933 907 1115 979 neutrum
1129 900 1155 978 ².
1178 899 1254 978 Hie
1271 904 1428 1003 farfar,
1450 925 1540 981 cum
1554 904 1720 1001 vulture,
1737 911 1880 982 tartar.

488 1089 498 1134 ¹
517 1085 556 1150 Ut
568 1085 665 1162 dolor,
681 1085 783 1150 honor.
796 1117 837 1133 -
850 1086 863 1129 ²
878 1083 918 1147 Ut
928 1085 1046 1167 sulpur,
1060 1085 1196 1169 sulphur.

487 1295 523 1357 Ir
547 1294 662 1377 syllaba
684 1293 770 1358 linita
790 1293 1011 1374 algnilicatione
1027 1313 1125 1375 genus
1142 1312 1232 1358 suum
1246 1292 1291 1357 16·
1347 1304 1463 1372 setara,
1482 1303 1628 1372 satarum,
1642 1313 1714 1357 cum
1731 1301 1836 1358 ternas
1855 1293 1965 1360 habeat
1985 1295 2113 1373 formas,
2124 1295 2194 1360 toti·

445 1394 559 1472 dicant,
569 1400 605 1456 nt
615 1393 673 1470 air,
689 1394 780 1474 levir,
796 1395 905 1456 trevir.
915 1392 1052 1455 Aboddir
1066 1395 1147 1470 etir,
1159 1411 1292 1476 quorum
1348 1394 1419 1457 dem
1438 1392 1561 1456 habehit
1580 1411 1704 1475 genera.
1733 1427 1775 1443 -
1795 1394 1919 1476 Fertur
1946 1394 2038 1458 etiam
2064 1413 2193 1460 numero

446 1491 522 1555 illud
547 1492 762 1569 masculinum,
785 1491 846 1555 hoc
865 1498 1009 1555 neutrum
1032 1511 1098 1556 esse
1116 1492 1213 1569 aiunt,
1227 1491 1292 1554 sine
1347 1492 1490 1574 singulari
1502 1491 1535 1554 16
1547 1511 1603 1556 usu
1625 1498 1688 1571 est,
1701 1493 1833 1556 manime
1847 1491 1930 1575 apud
1943 1492 2069 1569 11166.
2084 1492 2192 1570 XVIII,

446 1590 509 1653 ulla
520 1591 640 1670 jactura
657 1595 786 1670 possunt
804 1591 1012 1671 praetermiIti;
1029 1608 1101 1654 oum
1121 1589 1196 1653 nihil
1208 1589 1293 1652 aliod
1349 1611 1377 1655 c.
1393 1593 1479 1669 9113
1503 1609 1512 1655 :
1536 1590 1672 1653 olerum
1695 1592 1764 1673 plus
1782 1591 1960 1656 retinentia
1973 1592 2145 1673 furfurem
2162 1599 2193 1654 et

446 1707 540 1772 quam
562 1689 693 1752 aliomm
716 1689 819 1753 locum
840 1695 1012 1771 occupent,
1032 1707 1133 1771 neque
1156 1688 1211 1751 ulli
1233 1687 1294 1750 sint
1348 1689 1370 1751 I.
1385 1688 1494 1766 xxvi,
1515 1708 1545 1752 c.
1560 1691 1596 1768 2,
1612 1688 1652 1752 de
1665 1692 1830 1771 ε16661636
1852 1690 2010 1772 loquens:
2034 1688 2194 1752 «Descen-

445 1785 526 1848 usui.
540 1784 724 1864 Priscianus,
738 1784 759 1847 l.
774 1784 826 1863 Vl,
840 1805 872 1869 p.
888 1789 961 1863 698,
974 1790 1118 1848 neutmm
1131 1788 1218 1866 putat
1236 1783 1292 1846 de·
1348 1787 1474 1849 dentem
1498 1792 1530 1849 et
1552 1786 1584 1849 16
1610 1787 1705 1868 colla,
1721 1795 1892 1870 pectusque
1905 1805 1942 1850 ac
1966 1805 2086 1862 manus,
2111 1785 2193 1850 Ioedo

444 1887 567 1968 clinari3
592 1887 741 1970 posterius
769 1887 931 1952 declinarit
957 1887 1118 1952 Charisius.
1131 1884 1291 1965 —Satar,
1350 1883 1427 1949 cutis
1439 1885 1602 1966 furfure.»

594 2147 683 2227 llil.
715 2145 945 2228 Femineum
962 2175 1004 2228 os
1018 2147 1045 2227 ¹.
1064 2148 1254 2228 Neutrum
1267 2171 1334 2226 aas
1347 2149 1461 2245 cosas,
1478 2149 1620 2249 fasque
1634 2149 1835 2251 nefasque.

709 2273 882 2353 Mascula
892 2281 980 2352 sunt
994 2273 1158 2378 elephas,
1175 2273 1350 2369 adamas,
1365 2297 1408 2351 as
1422 2277 1537 2375 atque
1549 2274 1685 2370 tiaras,

708 2408 805 2488 Cum
822 2406 982 2511 reliquis
994 2405 1144 2488 cunctis
1156 2405 1276 2486 llectit
1290 2401 1373 2511 qu'ae
1387 2404 1512 2513 prima
1524 2405 1727 2513 Pelasgum
1740 2405 1768 2484 ².

484 2600 494 2643 ¹
512 2595 551 2659 Ut
562 2603 728 2678 tempestas,
739 2595 864 2678 lampas.
880 2629 918 2640 —
932 2596 946 2640 ²
958 2592 998 2658 Ut
1009 2595 1141 2676 pharias,
1156 2613 1316 2658 memoras.

484 2822 590 2900 Ceras,
613 2821 728 2884 ceradis
748 2826 902 2896 neutram,
924 2827 959 2883 ut
980 2821 1076 2899 aiunt,
1098 2821 1288 2903 praeter-miti,
1410 2837 1522 2853 ·····
1538 2801 1865 2865 sceptrumquarumque
1878 2799 1974 2852 tiaras.

334 2975 337 2987 .
442 2926 605 3004 propterea
629 2919 713 3001 quod
736 2919 774 2981 sit
797 2918 984 2981 inusitatum.
1007 2916 1113 2980 Tioras
1130 2918 1290 3001 etreliqua
1390 2915 2190 2996 1111611,1666616661661.16166.,661.665161

441 3020 548 3102 primae
559 3017 718 3081 masculini
730 3017 800 3081 sint.
815 3016 935 3098 virgil,
950 3015 1023 3079 AEn.
1037 3015 1101 3095 VII,
1115 3037 1145 3080 v.
1160 3020 1218 3080 917
1234 3036 1243 3080 :
1412 3089 1521 3105 .....
1540 3053 1571 3106 E,
1584 3052 1695 3117 Phrygia
1711 3052 1821 3103 ,mim
1836 3050 1916 3104 ,m
1929 3051 2010 3104 ,m-

589 3293 677 3374 162.
708 3295 799 3374 Esto
815 3316 959 3372 nomen
972 3291 1014 3371 16
1028 3318 1067 3371 es
1080 3289 1268 3373 muliebre
1280 3291 1312 3393 '3
1329 3293 1395 3373 sed
1410 3301 1490 3375 esto
1505 3293 1614 3375 virile

708 3419 849 3517 Limes,
858 3444 943 3524 par,
959 3421 1098 3521 semes,
1116 3429 1256 3498 termes
1268 3443 1357 3498 cum
1368 3421 1544 3522 palmite,
1562 3430 1721 3517 trames;

707 3546 756 3624 Et
773 3569 928 3649 parpes,
944 3569 1106 3647 marpes,
1120 3546 1251 3648 poples
1265 3569 1353 3622 cum
1370 3548 1523 3648 cespite,
1539 3569 1687 3650 vepres,

707 3671 757 3748 Et
769 3673 904 3774 parics
922 3672 1127 3774 stipesque,
1151 3673 1252 3746 meri
1264 3694 1483 3773 nomenque
1499 3669 1591 3766 aa}

709 3793 778 3872 His
791 3818 960 3902 grecum
976 3790 1111 3898 primae
1123 3793 1184 3873 vel
1201 3793 1322 3873 tertiae
1333 3792 1489 3900 jungito
1504 3817 1648 3873 nomeu
1663 3791 1690 3870 ².

710 3918 970 4024 Hippomanes
988 3917 1150 4017 neutris,
1160 3945 1344 4024 panaces,
1366 3920 1556 3999 cacoethes
1571 3917 1778 3998 adhaerent.

485 4113 495 4156 ¹
513 4109 551 4172 Ut
563 4129 683 4192 cornpes,
696 4109 794 4172 moles.
811 4145 849 4158 ·-
866 4110 880 4154 ²
895 4107 935 4171 Ut
948 4109 1130 4187 aromatites,
1140 4107 1224 4172 tetes.

485 4316 578 4402 Tader
606 4323 639 4380 et
655 4333 732 4378 ames
755 4313 924 4378 masculina
948 4319 1032 4390 sunt,
1056 4321 1090 4375 ut
1109 4313 1290 4396 quibusdam
1348 4319 1474 4394 vocant3
1490 4314 1620 4396 oquaesi
1632 4319 1740 4376 666116
1753 4319 1866 4390 esseut,
1877 4320 1912 4376 ut
1925 4313 2051 4396 quidam
2066 4316 2192 4397 putarit,

442 4415 555 4498 placet,
569 4415 622 4480 sed
637 4413 728 4478 nullis
741 4412 869 4478 testibus
892 4412 924 4475 id
944 4411 1292 4492 confirmant3meridies
1348 4413 1537 4476 accusativus
1565 4411 1672 4476 similis
1698 4419 1777 4475 esset
1805 4412 2002 4477 nominativo.
2032 4411 2143 4496 Neque
2169 4415 2193 4478 si

442 4515 474 4578 16
487 4516 565 4578 duas
579 4519 680 4595 partes
692 4518 814 4576 sectum
828 4517 886 4587 est,
908 4510 980 4593 quia
993 4509 1081 4573 aliter
1097 4529 1220 4574 carmen
1246 4511 1291 4574 iu·
1348 4511 1453 4575 vinum
1473 4511 1658 4589 aromatites,
1672 4510 1858 4588 ahsiuthites,
1874 4510 2044 4594 hyssopites
2063 4510 2192 4590 dicatur,

441 4611 528 4692 gredi
542 4629 604 4674 non
618 4616 747 4692 poterat.
759 4643 797 4654 -
815 4607 919 4688 Vepres
933 4607 1026 4671 etiarn
1046 4625 1175 4671 numero
1188 4608 1291 4688 singu-
1348 4611 1493 4674 continno
1506 4610 1571 4672 haec
1584 4615 1693 4673 neutra
1704 4614 1793 4671 erunt
1801 4625 1811 4686 ;
1823 4608 2193 4692 quemadmodumueque

441 4709 496 4772 lari
508 4708 670 4790 reperitur.
682 4704 878 4781 Columel.,l.
891 4703 946 4782 lll,
957 4709 1034 4770 c.3:
1048 4703 1162 4768 illunc
1174 4725 1290 4787 veprem
1349 4709 1466 4790 Tagus,
1488 4707 1674 4785 Rhodanus,
1700 4725 1772 4770 cum
1795 4705 1912 4771 humen
1934 4706 2053 4788 Tagus,
2078 4706 2194 4770 Ilumen

443 4807 638 4872 manifestum
648 4811 695 4868 est
704 4803 835 4867 interimi
847 4821 909 4867 non
924 4820 1050 4884 possea
1064 4801 1167 4866 Graeca
1174 4803 1289 4886 primae,
1349 4807 1516 4870 Rhodanus
1533 4805 1654 4868 dIcitur.
1677 4804 1755 4867 Sunt
1776 4811 1808 4867 et
1828 4823 1928 4884 greca
1944 4803 2048 4868 -tertire
2061 4804 2193 4867 declina-

442 4913 477 4970 ut
504 4906 629 4983 Bootes,
657 4903 843 4980 aromatites,
857 4902 1025 4993 myrtites,
1049 4901 1233 4979 absimh'tes,
1260 4911 1291 4966 61
1348 4905 1449 4982 tionis,
1475 4903 1586 4986 quihus
1608 4909 1736 4966 utuntur
1757 4901 1868 4982 latim,
1884 4903 2060 4981 masculiua,
2077 4909 2112 4965 ut
2132 4923 2193 4964 mc·

442 5006 539 5068 multa
552 5003 611 5066 alia
624 5001 742 5083 generis
756 5001 896 5080 ejusdem
909 5000 1076 5074 masculina
1093 5007 1173 5064 sunt.
1198 4999 1288 5075 Plin,
1347 5021 1428 5084 pnes,
1439 5002 1523 5080 ledes,
1539 5011 1629 5082 tapes,
1641 5007 1750 5083 praeter
1763 5000 2004 5082 hippomanes,et
2015 5019 2152 5081 panaces,
2162 5006 2195 5063 et

442 5105 463 5165 l.
488 5101 568 5180 xlv,
584 5121 614 5166 c.
636 5104 726 5174 19,6
749 5120 759 5164 :
782 5100 1000 5163 «Armaatitea
1023 5117 1147 5182 qnoque
1170 5101 1290 5165 invenio
1347 5101 1500 5179 cacoethes,
1525 5119 1594 5183 quae
1607 5106 1717 5163 neutra
1728 5105 1809 5163 suut.
1831 5099 1923 5176 Pan,
1950 5097 2045 5174 XXV,
2068 5119 2097 5162 c.
2127 5103 2192 5164 II:

440 5202 651 5283 factitatum.»
669 5199 754 5262 Idem
769 5200 799 5261 in
818 5198 943 5276 eodem,
958 5199 977 5260 3
990 5215 999 5260 :
1014 5197 1088 5261 «Sic
1101 5199 1133 5262 111
1147 5201 1290 5282 etspcites
1352 5199 1509 5262 «Panaces
1522 5199 1587 5279 ipso
1599 5197 1722 5260 nomme
1740 5195 1877 5260 omnium
1894 5197 2044 5260 malorum
2058 5199 2195 5262 remedIa

441 5299 551 5374 atico,
575 5285 660 5383 poem
682 5297 732 5359 alii
757 5296 1003 5379 palmiprImum,
1030 5296 1081 5358 alii
1104 5298 1289 5362 catorchiten
1347 5297 1505 5378 promittit,
1520 5315 1716 5374 numerosam,
1734 5301 1766 5358 et
1778 5294 1835 5358 diis
1853 5295 2061 5360 Inventorihus
2082 5295 2195 5359 adscri-

441 5403 587 5459 vocant.»
610 5395 748 5457 lhidem:
768 5419 782 5454 a
797 5393 856 5458 Sed
881 5413 898 5456 e
921 5393 1051 5476 punicis,
1066 5396 1150 5476 quod
1165 5395 1289 5458 rhoitem
1344 5403 1464 5475 ptam.»
1481 5392 1700 5472 Selamphaaes
1713 5392 1760 5457 his
1769 5392 1864 5458 trihus
1876 5393 1946 5457 addi
1960 5398 2072 5475 potest.
