4630 6164
710 575 950 627 corsanucrro
970 576 1074 628 vuum
1096 577 1255 629 rurmrrr.
1788 553 1864 629 333

106 710 224 808 ldem,
249 711 278 789 l.
306 710 443 807 XXXl,
460 733 495 788 c.
516 708 579 807 32,
601 710 616 785 l
641 741 651 787 :
673 709 775 788 «Est
790 715 921 789 autem
944 709 1119 790 utilis...
1146 709 1383 788 bituminata
1404 718 1469 789 aot
1493 710 1641 790 nitrosa
1666 709 1865 820 (aqua)....

101 835 262 914 dr‘berzdo
277 842 392 938 atque
407 831 715 941 purgationibus.
732 865 753 906 »
774 832 994 932 Sallustius,
1012 836 1118 942 lug,
1136 860 1171 912 c.
1191 835 1213 911 5
1235 864 1243 912 :
1267 865 1287 907 «
1303 835 1430 914 Pauca
1443 861 1561 940 supra
1580 843 1770 941 repetam,
1793 863 1867 940 quo

101 960 154 1037 od
164 959 470 1064 cognoscendum
482 956 614 1037 omnia
628 956 794 1037 illustria
807 956 934 1065 magis
948 958 1148 1066 magisque
1161 958 1201 1038 in
1215 966 1347 1064 aperto
1363 958 1456 1038 sint.
1474 991 1494 1032 »

142 1137 299 1200 Gerundia
313 1135 642 1218 quidamsospicantur
652 1134 747 1211 dicta,
763 1133 847 1216 quod
862 1135 958 1214 gerni·
1014 1143 1115 1198 tarum
1130 1136 1297 1215 generibus
1317 1137 1401 1216 agit:
1417 1137 1640 1219 «Emporetica
1661 1141 1777 1203 inutilis
1797 1144 1870 1202 seri-

104 1255 173 1299 nam
181 1235 452 1317 significationem,
463 1233 591 1296 activam
603 1233 747 1295 nimirum
756 1233 956 1314 etpassivam,
1014 1233 1119 1312 deado,
1136 1241 1197 1297 etc.
1213 1257 1229 1294 o
1245 1235 1341 1312 ldem,
1358 1235 1379 1295 l.
1394 1235 1477 1311 XXI,
1493 1255 1521 1298 c.
1539 1239 1589 1313 56,
1600 1239 1635 1297 il
1652 1256 1660 1299 :
1681 1237 1870 1319 «scolymus

103 1341 227 1414 gerent;
244 1341 314 1414 post
327 1354 359 1397 se
373 1352 479 1396 casum
495 1351 558 1395 non
569 1333 752 1412 admittunt,
768 1350 870 1414 neque
882 1331 956 1395 illud
1015 1332 1201 1396 carduorum
1217 1334 1336 1414 generis
1349 1334 1389 1396 ab
1409 1333 1445 1396 iis
1468 1335 1572 1412 distat,
1595 1336 1679 1416 quod
1704 1337 1790 1399 radix
1804 1339 1870 1418 ejus

103 1431 201 1509 Gellii,
217 1433 241 1495 l.
257 1431 283 1510 l,
298 1453 326 1496 c.
343 1437 401 1495 ti:
420 1431 559 1494 «Amata
573 1432 651 1493 irater
664 1430 838 1513 capiendam
850 1450 868 1493 a
879 1429 958 1494 Pon·
1015 1430 1156 1492 vescendo
1170 1439 1216 1493 est
1228 1431 1376 1514 decocta;
1392 1455 1407 1491 a
1423 1440 1456 1495 et
1470 1432 1491 1494 l.
1507 1432 1601 1505 XXV,
1623 1451 1652 1494 c.
1668 1435 1717 1508 ta,
1731 1433 1771 1495 de
1784 1434 1871 1496 variis

101 1529 182 1592 tiliae
193 1529 521 1610 maximoappellatur,
531 1529 753 1611 quoniamque
763 1529 861 1609 prima
871 1537 958 1610 capta
1016 1527 1146 1591 ficorum
1165 1529 1329 1609 generibus
1351 1530 1501 1613 loquens:
1523 1530 1630 1592 «Nam
1655 1531 1869 1594 Alexandrinae

104 1635 160 1704 ost,
175 1627 239 1690 hoc
252 1627 346 1689 fuisse
360 1626 485 1690 nomine
500 1627 688 1703 traditum»
706 1626 825 1688 adrem
840 1626 960 1689 videtur
1017 1627 1066 1687 vix
1088 1635 1160 1689 sunt
1173 1628 1358 1706 vescendam
1377 1628 1430 1690 ubi
1444 1628 1692 1692 subaudiendum
1707 1637 1755 1692 est
1768 1631 1867 1706 utiles,

102 1725 214 1788 iacere.
230 1724 287 1787 llic
298 1725 380 1787 enim
401 1733 449 1786 est
462 1741 590 1787 sensus:
607 1723 734 1786 Vestalis
753 1724 958 1806 appellatura
1017 1733 1107 1806 aptoe,
1121 1725 1169 1788 vel
1182 1725 1256 1807 quid
1271 1726 1379 1789 simile.

103 1822 255 1886 Pontifice
269 1823 404 1886 maximo
418 1823 542 1898 Amata,
562 1822 641 1883 iuter
654 1821 837 1902 capiendam.
1056 1822 1215 1886 Ablativus
1221 1824 1385 1908 aliquando
1392 1825 1640 1906 praepositionem
1648 1825 1751 1888 habet.
1762 1827 1867 1902 Varro,

142 1920 176 1983 ln
202 1918 240 1982 di
263 1920 360 1983 rarius
390 1920 566 2002 passionem
594 1918 776 2000 significant.
810 1918 959 1996 lustinus,
1017 1921 1060 1982 de
1073 1920 1119 1983 lte
1139 1929 1228 1999 rust,
1243 1923 1264 1983 l.
1281 1922 1317 1999 ll,
1339 1941 1366 1986 c.
1382 1926 1422 1985 9:
1441 1923 1569 1996 «Quam
1584 1923 1784 2004 paucissimos
1796 1925 1870 1988 reli-

101 2017 123 2078 l.
136 2017 232 2095 xvtt,
248 2036 277 2080 c.
294 2021 323 2092 3,
338 2021 372 2080 tt
390 2041 398 2080 ι
415 2016 577 2079 «Athenas
587 2034 712 2098 quoque
724 2015 881 2077 erudiendi
891 2034 960 2096 gra·
1018 2019 1133 2099 queris,
1148 2025 1211 2082 tam
1225 2021 1331 2101 optimi
1345 2021 1377 2081 ia
1388 2020 1493 2084 alendo
1508 2021 1596 2098 liunt,
1610 2028 1734 2102 propter
1748 2023 1869 2102 copiam

102 2115 142 2176 tia
156 2115 281 2192 missus,
294 2123 413 2198 quanto
430 2114 549 2178 doctior
563 2113 729 2195 majoribus
741 2113 817 2190 suis,
831 2119 915 2177 tanto
931 2122 962 2176 et
1018 2116 1116 2180 iactis.
1132 2139 1146 2177 n
1164 2118 1300 2196 Plautus,
1313 2118 1420 2182 Aulul.
1436 2124 1496 2182 act.
1513 2119 1563 2196 lll,
1578 2139 1622 2182 se.
1642 2123 1673 2198 3,
1688 2140 1717 2181 v.
1733 2124 1774 2184 8:

102 2215 217 2291 gratior
228 2213 346 2295 populo
356 2213 426 2275 fuit.
440 2235 456 2272 a

144 2309 206 2386 ΒΟ,
229 2309 300 2371 Μ
318 2309 420 2386 filma>
439 2309 642 2391 frequentius·
665 2309 789 2386 (Ῑῑῦθῖθ,
816 2309 854 2371 de
874 2309 959 2386 Nat,
1081 2333 1164 2383 tleus!
1181 2331 1870 2398 sener,prooapolaod0,t1ercte,egoabstemeres

103 2429 130 2471 c.
143 2411 196 2487 ot,
217 2413 297 2471 t60:
316 2431 332 2466 o
347 2408 413 2481 Qua
426 2407 560 2488 pecude,
572 2407 728 2489 quoderat
738 2406 778 2468 ad
791 2406 961 2469 vescendam
1685 2409 1754 2476 [uem
1770 2419 1870 2475 petam

103 2504 281 2567 hominibus
293 2508 376 2584 apta,
399 2503 474 2564 nihil
494 2502 600 2600 genuit
622 2509 731 2564 natura
745 2500 957 2565 fecundius.»

105 2603 148 2664 Bo
161 2601 284 2664 finitum
294 2608 360 2663 tum
371 2599 474 2678 dativi,
495 2606 562 2662 tum
578 2599 699 2661 ablativi
710 2607 851 2660 naturam
864 2599 962 2661 imita·
1019 2600 1103 2679 quod
1118 2599 1211 2680 paulo
1226 2605 1296 2662 ante
1313 2599 1509 2676 adduximus,
1531 2606 1565 2661 ut
1580 2599 1812 2662 ostenderemus
1833 2599 1870 2659 do

101 2707 173 2763 tur:
191 2699 297 2774 dativi,
312 2696 438 2772 Plinius,
461 2697 483 2759 l.
496 2696 581 2774 Xlll,
596 2716 624 2759 c.
639 2699 693 2773 23,
707 2700 739 2774 2,
755 2695 806 2758 ubi
818 2697 856 2758 de
875 2696 962 2758 char·
1020 2697 1139 2759 linitum
1151 2697 1396 2780 praepositionem
1403 2717 1463 2778 pro
1476 2696 1568 2759 etiam
1577 2696 1748 2759 admittere.

586 2956 754 3035 RATIO
796 2957 1065 3036 VARlANDl
1105 2957 1389 3038 GERUNDIA

156 3136 251 3214 358.
284 3133 480 3215 Gerundia
494 3160 580 3239 quae
597 3133 815 3213 accusativo
831 3159 922 3212 casn
938 3134 1125 3241 gaudent,
1144 3134 1224 3214 lere
1239 3132 1457 3242 elegantius
1470 3159 1577 3215 more
1593 3135 1870 3242 adjectivorum

101 3260 151 3340 ad
177 3260 284 3340 hunc
310 3243 471 3339 modum
495 3259 723 3339 efferuntur.
752 3258 958 3364 Pompeius
981 3259 1173 3338 studiosus
1201 3259 1274 3338 luit
1302 3260 1589 3364 Iierrtpublicam
1618 3262 1866 3362 defendendi,

103 3411 278 3490 avesque
296 3384 768 3490 servanda-Pompeius
793 3385 984 3465 studiosus
1007 3384 1082 3463 luit
1105 3385 1337 3489 Reipublicae
1359 3387 1625 3487 defendendae,
1653 3391 1870 3490 cretamque

100 3511 402 3608 amandorum,-
431 3509 486 3588 ita
511 3516 554 3587 ot
577 3508 755 3615 gerundii
783 3535 895 3590 casos
924 3516 1094 3608 maneat,
1122 3518 1270 3588 servato
1300 3518 1433 3589 tamen
1461 3535 1605 3617 genere
1635 3536 1679 3589 ae
1707 3536 1869 3590 numero

102 3634 325 3715 accusativi.

157 3760 307 3858 Cicero,
326 3758 377 3838 lV
393 3757 511 3856 Phil,
529 3784 564 3836 e.
587 3760 623 3857 l,
645 3761 659 3835 l
684 3790 691 3836 :
716 3758 934 3864 «Princeps
955 3767 1089 3838 vestra
1113 3760 1301 3838 libertatis
1324 3759 1574 3861 defendendae
1595 3759 1664 3836 lui.
1690 3791 1711 3832 »
1739 3761 1866 3858 ldem,

102 3884 272 3982 Fam.,l.
284 3885 332 3981 ll,
344 3909 379 3962 o.
395 3883 473 3982 4,2
492 3913 533 3960 :a
548 3883 643 3981 Hoc,
661 3883 844 3987 quiequid
858 3883 981 3991 attigi,
998 3909 1077 3962 non
1094 3883 1167 3963 leci
1182 3885 1456 3990 inflammandi
1466 3889 1526 3962 tui
1536 3909 1661 3982 eausa,
1677 3884 1744 3964 sed
1758 3889 1871 3963 testi·
1994 3928 1997 3934 ,

100 4007 511 4110 ficondz'amomlvmei.
524 4039 545 4079 »
563 4007 708 4107 Livius,
725 4009 753 4087 l.
766 4011 812 4108 ll,
826 4035 861 4089 c.
874 4007 1185 4114 l7:«lnterjecto
1196 4009 1335 4090 deinde
1346 4008 1449 4087 haud
1465 4034 1608 4117 magno
1622 4008 1757 4113 spatio,
1768 4009 1870 4113 quod

103 4133 326 4211 uulneratus
333 4134 532 4230 curandis,
544 4134 832 4238 supplendoque
841 4136 1031 4212 eaercz‘tai
1039 4157 1080 4212 sa
1087 4131 1134 4211 tis
1145 4139 1258 4214 esset.
1271 4165 1292 4207 »
1303 4133 1450 4232 Cicero,
1463 4135 1591 4231 Fam,
1605 4135 1634 4212 l.
1648 4135 1712 4231 lll,
1726 4159 1789 4238 ep.
1805 4135 1866 4231 ll,

103 4257 152 4334 l:
169 4257 405 4360 «Tuumque
421 4255 536 4334 simul
551 4267 774 4360 promptum
790 4256 965 4335 animum
977 4263 1015 4335 et
1026 4256 1194 4336 alacrem
1204 4257 1377 4363 perspexi
1385 4259 1438 4336 cd
1449 4257 1734 4359 defendendam
1748 4257 1871 4335 Rem-

97 4383 352 4485 patticam.»
371 4381 494 4478 ldem,
516 4381 644 4478 Fam,
667 4381 694 4459 l.
726 4383 810 4480 XV,
835 4408 898 4487 ep.
923 4382 987 4480 2l,
1006 4383 1057 4460 6:
1081 4412 1102 4454 a
1124 4382 1249 4462 Omne
1269 4380 1504 4462 desiderium
1530 4383 1651 4461 literis
1676 4385 1872 4461 mittendae

102 4507 411 4610 comparandisque
431 4505 591 4585 leniam.
616 4537 636 4577 »
655 4504 799 4605 Livius,
824 4507 850 4585 l.
869 4507 952 4605 Vll,
970 4533 1004 4586 e.
1024 4506 1076 4585 9:
1100 4538 1121 4579 a
1135 4507 1271 4586 Praelia
1291 4510 1340 4586 de
1363 4507 1580 4612 occupando
1596 4518 1715 4610 parete
1736 4507 1871 4586 crebra

102 4638 232 4710 erant.
251 4662 273 4704 ›>

145 4808 279 4882 Quidam
293 4827 332 4871 ex
343 4807 517 4888 junioribus
530 4808 596 4871 hac
615 4807 762 4889 perendie
774 4809 893 4870 aomina
906 4826 959 4871 vo
1020 4809 1067 4888 (ut
1080 4808 1180 4870 dicam
1194 4807 1395 4889 quodseutio)
1407 4807 1548 4871 videntur
1556 4808 1705 4888 per-audio
1713 4809 1832 4889 passiva
1841 4809 1870 4867 ia

101 4913 193 4986 eant;
218 4905 282 4984 alii,
304 4905 451 4988 qnandiu
474 4905 641 4989 adjectioa;
663 4905 724 4984 alii,
754 4906 960 4988 participialia
1016 4923 1081 4982 nus,
1098 4924 1169 4986 quae
1182 4907 1223 4968 ita
1237 4906 1375 4984 nontino,
1390 4905 1662 4986 utdistinguantur
1676 4905 1792 4967 abaliis
1805 4922 1872 4985 pas·

99 5005 272 5086 adjectiva·
290 5003 482 5081 Laurentius,
498 5005 519 5066 l.
544 5004 568 5080 l,
592 5024 621 5067 c.
644 5007 683 5066 2⁸1
698 5004 794 5083 initio,
815 5003 959 5086 pecudia
1016 5002 1087 5065 sivis
1101 5021 1170 5086 quae
1187 5005 1219 5066 in
1231 5003 1274 5080 di,
1288 5003 1337 5080 da,
1361 5003 1432 5065 dom
1446 5009 1572 5066 exeunt.
1592 5002 1698 5085 ltaque
1713 5003 1753 5065 ab
1766 5003 1872 5065 activis

100 5102 208 5186 patu
230 5103 277 5164 rei
287 5102 511 5165 adminaitratio
524 5103 731 5186 significatum
744 5104 787 5166 ita
807 5110 910 5165 temen
925 5109 960 5166 ut
1016 5100 1188 5164 formantur
1197 5101 1260 5165 duo
1275 5119 1406 5182 genera:
1422 5102 1516 5164 altera
1529 5121 1600 5183 quae
1609 5102 1691 5165 exitu
1705 5107 1800 5183 atque
1813 5107 1874 5163 ter·

100 5199 279 5282 suspicetur
292 5219 361 5264 esse
372 5200 536 5282 participia
547 5201 664 5282 passim
673 5201 833 5282 praesentis
850 5209 959 5283 tempo·
1017 5198 1184 5261 minatione
1204 5199 1243 5261 ab
1263 5198 1366 5262 activis
1386 5216 1449 5261 non
1468 5206 1665 5279 separantur;
1687 5199 1787 5270 altera
1800 5218 1872 5263 vero

101 5299 161 5374 ris,
196 5297 281 5379 quod
317 5297 445 5361 Linacer
478 5302 549 5379 post
575 5297 746 5360 affirmavit.
774 5296 956 5376 Priscianus,
1017 5315 1098 5377 quae,
1114 5295 1180 5374 das,
1204 5295 1256 5376 da,
1271 5295 1452 5375 dumfinita,
1468 5315 1555 5360 more
1570 5297 1872 5360 nominumtlectun·

102 5397 128 5459 l.
144 5393 224 5471 Vlll,
245 5414 276 5476 p.
299 5396 373 5473 809,
396 5397 516 5458 aomina
538 5395 671 5458 vatata
691 5394 866 5477 appellavit.
888 5393 958 5456 llitri
1017 5401 1083 5473 tur3
1099 5413 1161 5476 quo
1174 5401 1264 5476 pacto
1278 5396 1370 5459 etiam
1378 5398 1511 5466 Amatis,
1529 5405 1642 5474 amata,
1658 5403 1869 5474 amatamsara,
