4646 6164
1085 481 1130 533 mo
1149 481 1314 535 norrmmr
1333 460 1575 536 mcnrnanro.

1166 690 1421 816 nxunrrro
1454 744 1504 815 ιι.

481 951 482 954 ¹
513 921 606 1001 469.
639 921 838 1002 Genitivus
859 920 901 999 in
921 925 1001 999 oris
1023 947 1045 999 a
1067 919 1294 1000 nominibus
1314 919 1466 1028 gracis,
1493 926 1531 999 et
1554 918 1683 998 latinis
1703 918 1870 1018 neutris,
1895 927 2034 1025 praeler
2052 947 2106 1018 os,
2119 929 2192 1023 oris,

461 1045 717 1151 penultimam
740 1045 858 1126 hahet
881 1044 1058 1144 brevem,
1083 1052 1125 1123 ut
1148 1045 1302 1145 Nestor,
1329 1070 1517 1144 marmor,
1547 1045 1652 1143 ebur,
1679 1070 1836 1148 corpus,·
1861 1044 2000 1149 quibus
2024 1045 2195 1126 adduntur

459 1197 618 1270 memor,
641 1171 768 1271 arbor,
790 1173 916 1275 lepus,·
930 1178 968 1250 et
982 1196 1028 1251 ex
1042 1185 1128 1265 πούς,
1146 1175 1255 1272 ποδός,
1269 1197 1357 1275 pur,
1375 1170 1513 1274 pedor,
1536 1168 1763 1274 composita,
1787 1176 1831 1248 ut
1853 1174 1993 1275 tripes.
2020 1173 2113 1251 Item
2133 1173 2192 1272 bos,

460 1321 611 1400 compos
624 1303 664 1376 et
679 1299 811 1400 cmpos.
829 1293 1002 1392 Ovidius,
1020 1296 1177 1374 Metam.
1197 1295 1296 1392 XIII,
1314 1322 1350 1373 v.
1370 1295 1445 1374 63:

857 1495 916 1568 Qui
928 1496 1003 1559 licet
1016 1495 1141 1577 eloquio
1154 1494 1251 1559 fidum
1264 1514 1389 1580 quoque
1404 1495 1533 1560 Nesttro
1546 1496 1659 1560 vincat.

458 1659 656 1767 Virgilius,
673 1641 715 1739 tn
731 1660 863 1767 Epigr.
885 1691 893 1736 2

854 1841 904 1904 Sic
916 1859 971 1904 vos
984 1858 1047 1903 non
1061 1839 1148 1904 vobis
1162 1840 1248 1905 fertis
1260 1849 1370 1921 arana,
1381 1843 1475 1908 toves

498 2074 673 2154 Composita
693 2077 863 2154 sequuntur
884 2071 1066 2151 simplicium
1091 2079 1243 2150 naturum,
1272 2077 1307 2134 ιιι
1364 2073 1458 2136 brevia
1472 2081 1504 2138 et
1516 2075 1617 2153 breue;
1630 2075 1712 2138 unde
1724 2073 1868 2137 indecoris
1882 2074 2191 2138 etdedecorr'sdeducte

457 2171 603 2252 bicorpor,
618 2171 779 2252 tricorpor,
800 2187 870 2251 que
892 2187 911 2231 a
929 2170 1137 2251 corporalium.
1161 2170 1305 2247 Dedecor,
1364 2179 1436 2236 sunt
1448 2191 1520 2236 casu
1535 2173 1734 2238 nomInendit
1747 2172 1834 2249 Vide,
1849 2173 1875 2234 si
1894 2179 1994 2251 vacat,
2009 2172 2081 2255 quid
2095 2174 2130 2235 dc
2147 2173 2192 2234 hoc

458 2267 588 2343 indecor,
600 2273 636 2331 ut
647 2267 755 2331 volunt
761 2265 962 2348 grammatici,
974 2269 1023 2330 vel
1034 2267 1159 2344 adom,
1173 2269 1245 2344 oris,
1259 2268 1307 2331 vel
1364 2288 1408 2346 re,
1422 2270 1453 2332 in
1466 2270 1633 2334 Nominum
1647 2270 1821 2351 generibus,
1835 2269 1952 2333 (lictum
1965 2271 2014 2333 sit.

457 2365 615 2429 anomine
629 2365 780 2445 adjectim
792 2363 894 2446 prisco
911 2364 959 2427 iric
971 2370 1003 2427 et
1015 2364 1077 2429 lucc
1095 2369 1127 2427 et
1139 2365 1191 2428 Icoc
1206 2365 1305 2443 decor,
1404 2368 1573 2450 Morcipcr,
1594 2367 1735 2450 potlipor
1747 2373 1779 2430 et
1798 2367 1830 2429 id
1841 2385 1939 2447 genus
1952 2373 2072 2445 caetera,
2085 2387 2121 2430 ex
2131 2385 2192 2448 puer

456 2462 585 2542 decoris,
606 2463 776 2545 penultima
791 2461 885 2526 brevi.
900 2461 1022 2526 Navius
1040 2462 1073 2524 in
1091 2462 1225 2526 carmine
1239 2461 1304 2525 Bel.
1363 2465 1542 2546 composita,
1563 2466 1626 2545 jam
1640 2465 1852 2528 exoleverunt.

456 2559 590 2623 Punic.:
1401 2563 1503 2641 Ador,
1524 2565 1612 2646 cujus
1634 2563 1752 2645 obliqui
1771 2563 1822 2626 vii
1843 2563 2051 2645 reperiuntur,
2069 2585 2084 2626 o
2103 2564 2192 2626 habui

517 2729 687 2793 lingnamque
697 2725 991 2792 commotionemque
1003 2727 1083 2778 ditem
1095 2734 1227 2778 rexerant.
1363 2678 1529 2724 commune
1543 2661 1627 2743 apud
1640 2679 1768 2743 puwos·
1785 2659 1933 2737 Ganmuse
1947 2661 1970 2723 l·
1985 2660 1997 2722 ¹
2016 2680 2024 2723 ἶ
2105 2713 2111 2728 ·

455 2876 651 2942 sallustium
662 2877 718 2940 m:
738 2877 856 2960 “Equis
865 2882 896 2940 et
909 2878 1001 2940 armis
1007 2877 1300 2942 dwibmultum
1427 2830 1474 2881 llic
1487 2828 1580 2881 odirie
1589 2829 1635 2882 dat
1646 2829 1774 2895 primitias
1787 2828 1836 2880 sibi
1849 2817 1976 2894 sanguine
1991 2830 2062 2880 libat.

456 2974 553 3051 Idem,
564 2977 595 3037 in
605 2975 734 3038 eodem:
755 2975 1161 3057 «DedecorcsmultIqueper
1174 2976 1305 3056 tergaab
1363 2979 1459 3059 Idem,
1474 2981 1497 3043 l.
1513 2979 1573 3044 III:

456 3072 595 3136 h0⁸iib¹¹⁸
608 3072 839 3136 mimium
856 3072 1010 3154 Virssssius’
1021 3072 1166 3148 AEn'vss'
1181 3092 1211 3135 ν’
1223 3075 1279 3136 m
1294 3091 1303 3136 ε
1423 3149 1523 3201 Emicat
1535 3150 1562 3200 ln
1574 3150 1657 3203 nubes
1669 3151 1804 3202 nitoribus
1814 3151 1892 3202 ardor
1904 3149 1998 3201 adoria

518 3247 574 3297 mn
587 3243 932 3310 ,meministine
947 3251 1088 3297 'mmm
1103 3245 1210 3297 ‘mm'
1362 3298 1438 3362 vide
1452 3299 1640 3363 priscianum
1662 3301 1673 3363 Ι
1696 3300 1734 3362 Vl
1761 3319 1782 3383 ι)
1809 3305 1868 3365 700

1641 3346 1683 3378 ‚,
1735 3348 1745 3379 ‚
1786 3349 1793 3362 .
1870 3347 1880 3364 .

455 3396 531 3460 Vide
549 3396 751 3476 PrIscianum,
773 3398 794 3461 l.
813 3396 865 3476 VI,
884 3417 917 3480 p.
932 3399 1003 3462 699.
1021 3397 1189 3462 Positiones
1201 3399 1305 3480 siugu-
1400 3395 1514 3460 Neutra
1542 3397 1747 3481 comparativa
1774 3405 1946 3481 sequuntur
1974 3399 2192 3462 masculinorum

456 3494 533 3556 lares
550 3493 685 3572 dedecor,
701 3495 831 3575 indecor,
851 3513 914 3560 non
934 3503 1006 3558 sunt
1029 3494 1157 3559 usitate.
1174 3497 1265 3576 Quid,
1279 3496 1304 3559 si
1360 3496 1576 3578 quantitatem,
1603 3503 1639 3559 ut
1663 3497 1760 3578 majus
1779 3498 1915 3582 majoris,
1938 3498 2039 3560 minue
2071 3495 2190 3568 onmes,

454 3593 537 3673 apud
551 3593 665 3674 priscos
684 3592 742 3656 ιιιιι
764 3592 947 3673 adiectivum
960 3592 1073 3656 decoris
1093 3599 1125 3658 et
1143 3594 1257 3672 decore,
1269 3600 1305 3657 ut
1359 3593 1531 3675 penultima
1544 3593 1648 3674 longa,
1665 3600 1699 3657 ut
1713 3595 1821 3678 major,
1838 3595 1944 3658 minor.

1154 3853 1409 3926 EXCEPTIO
1439 3854 1508 3924 III.

508 4039 599 4118 470.
631 4037 903 4144 Corripiuntur
917 4037 1035 4118 etiam
1053 4039 1279 4144 Capparin,
1288 4063 1464 4144 prccoc,
1476 4047 1516 4119 et
1530 4064 1615 4144 qua
1625 4047 1905 4120 consonantem
1917 4039 2065 4120 habent
2076 4045 2155 4119 ante
2163 4063 2190 4134 s,

455 4172 499 4244 ιιι
518 4165 656 4263 scrobe,
679 4163 871 4269 AEtlrr'ope,
894 4163 1048 4268 Dolops,
1073 4169 1213 4268 praeter
1234 4164 1410 4269 Cyclope,
1434 4164 1618 4268 hydrops.
1646 4163 1845 4261 Martialis,
1863 4164 1891 4243 I.
1909 4164 1977 4263 IX,
1994 4163 2113 4271 epigr.
2134 4160 2192 4256 31,

455 4290 562 4366 ml:

856 4455 1060 4538 Cappadocum
1073 4455 1159 4519 sevis
1171 4455 1320 4519 Antistius
1333 4455 1445 4519 occidit
1458 4456 1519 4520 oris

892 4553 1056 4617 Rusticus:
1071 4553 1178 4617 otristi
1188 4552 1316 4616 crimine
1328 4558 1408 4616 tarra
1419 4559 1554 4624 noeensl

459 4731 653 4840 Virgilius,
669 4735 759 4812 AEn.
778 4734 824 4832 II,
841 4759 878 4811 v.
898 4733 947 4811 29
967 4765 976 4811 ι

852 4935 907 4998 HIc
923 4934 1068 5036 Dottprcm
1084 4934 1266 5014 manus,hic
1278 4953 1376 4998 savus
1387 4935 1533 5000 tendebat
1546 4935 1691 4999 llchilles.

458 5115 629 5218 Ovidius,
647 5119 800 5199 Itleiem.
820 5119 849 5218 I,
866 5147 904 5197 v.
923 5117 1025 5197 259:

854 5323 927 5386 'Iela
939 5329 1131 5426 reponuntur
1144 5323 1284 5386 manibus
1296 5323 1439 5386 fabricata
1454 5320 1624 5405 Cyclopum.
