4616 6160
557 593 601 644 66
623 594 910 647 consrnucrroun
931 539 1139 646 rnausrbrvr
1157 591 1275 642 vunnu.
1716 559 1786 640 261

97 721 245 798 rl'eutmm,
259 718 345 801 quod
365 721 471 784 bausit
488 722 520 785 in
539 723 723 803 genitivum,
738 709 889 802 dstlrum,
948 723 1084 806 dispersa
1096 727 1168 784 sunt
1179 720 1388 802 impersonalia
1401 739 1413 781 .·
1425 717 1533 796 activa,
1546 723 1581 782 ut
1584 715 1691 802 pudet,
1700 718 1796 800 pium

66 816 103 880 rel
116 815 276 880 ablativum
296 833 414 895 cesum,
431 823 467 880 ut
483 819 567 900 Equo
584 821 648 898 tui,
666 819 803 902 Opitulcr
818 821 892 897 tidi;
948 821 1083 903 passiva,
1097 826 1135 882 ut
1148 829 1316 901 pausatur,
1327 818 1409 896 itur;
1420 822 1545 896 neutra,
1559 822 1594 882 ut
1613 815 1700 894 libet,
1715 817 1793 879 lieet.

66 913 384 995 quarmeumunere.
949 920 994 982 lle
1005 918 1122 982 neutris
1134 917 1234 998 primo
1248 916 1400 993 dicemus,
1414 922 1482 978 tunr
1492 915 1565 998 quia
1578 933 1706 978 cssuum
1718 913 1795 977 ordo

96 1011 159 1086 llue
181 1012 333 1086 diximus,
357 1013 396 1076 de
420 1014 549 1096 propriis
572 1015 693 1080 casibus
714 1014 892 1098 accipienda
948 1017 978 1080 id
998 1016 1110 1096 exigit3
1135 1023 1202 1078 tunr
1221 1014 1327 1097 (quod
1348 1013 1445 1094 magis
1464 1032 1515 1076 ms
1533 1015 1658 1092 movet)
1679 1016 1726 1090 ut,
1743 1030 1795 1074 co-

65 1118 140 1190 suut3
153 1129 221 1174 nam
235 1112 275 1175 dc
290 1112 506 1176 communibus
518 1115 601 1177 omni
614 1114 777 1178 verborum
790 1114 893 1195 generi
950 1114 1033 1196 gnita
1055 1119 1234 1176 neutrorum
1256 1112 1357 1190 turba,
1376 1110 1495 1175 facilius
1516 1117 1703 1192 cognoscant
1721 1110 1794 1174 ado-

66 1207 291 1294 pustdiceudum
305 1211 373 1275 erit.
388 1210 583 1277 Perhectria
595 1231 709 1294 genera
721 1213 789 1277 lusa
799 1220 891 1295 atque
949 1211 1203 1275 lescentesactiva
1213 1210 1275 1275 siva
1287 1209 1458 1274 accusatius
1471 1209 1574 1272 verba.

549 1579 846 1665 GENlTlVUS
885 1580 1017 1662 POST
1052 1577 1279 1662 VERBUM

108 1847 192 1926 272.
221 1848 313 1927 Sum
337 1849 550 1956 genitivum
575 1849 684 1957 petil,
712 1875 800 1930 cum
826 1849 1103 1956 possessionem
1125 1847 1329 1957 significat.
1359 1847 1490 1928 Cicero
1499 1885 1513 1945 ,1
1536 1847 1664 1946 Fam,
1692 1845 1719 1925 1.
1742 1847 1794 1946 11,

66 1997 116 2076 ep.
135 1973 178 2052 13
198 2010 206 2052 :
228 2005 250 2047 (ι
268 1975 355 2052 lam
374 2000 437 2054 me
451 1976 627 2080 Pompeii
644 1981 765 2056 totum
789 2002 867 2055 esse
886 1975 971 2056 scis.
985 2007 1006 2048 u
1029 1977 1178 2055 -Aut
1198 1971 1245 2053 ad
1271 1971 1414 2076 aliquid
1439 1971 1648 2079 pertinere.
1674 1971 1795 2071 ldem,

67 2097 121 2176 llll
135 2097 248 2199 Phil,
265 2089 300 2178 c'.
318 2099 357 2200 2,
375 2099 397 2176 5
418 2131 427 2179 ε
449 2132 470 2175 a
484 2100 659 2206 Cujusvis
677 2101 915 2182 demulsisset
933 2126 1083 2200 errare3
1105 2101 1261 2197 nullatus,
1280 2097 1352 2176 nisi
1367 2095 1599 2202 insipientis,
1617 2096 1798 2175 inerrare

63 2247 302 2325 perseuerare.
325 2256 346 2296 »
366 2224 486 2323 ldem,
508 2223 555 2304 de
576 2224 704 2326 ulfic,
723 2225 751 2304 1.
769 2227 804 2325 l,
827 2251 861 2305 c.
886 2226 952 2323 34,
973 2225 1074 2306 122:
1097 2256 1118 2298 «
1138 2223 1208 2302 Est
1229 2221 1347 2330 igitur
1367 2222 1613 2301 adolescentis
1635 2218 1800 2325 majores

67 2353 146 2425 natu
160 2347 294 2428 vereri.
318 2379 338 2422 n

108 2473 196 2552 llem
216 2473 299 2552 hoec
321 2476 411 2574 duo,
436 2473 601 2554 Interest
618 2484 657 2557 et
669 2476 823 2580 Refert.
844 2475 964 2576 Idem,
982 2475 1029 2555 de
1044 2473 1219 2573 Finibus,
1236 2472 1265 2552 1.
1283 2474 1329 2572 ll,
1346 2498 1381 2553 c.
1405 2473 1470 2574 22,
1488 2475 1539 2554 72
1562 2506 1571 2555 ι
1595 2505 1616 2548 «
1635 2475 1801 2556 interest
1906 2579 1909 2586 .

66 2601 217 2676 murum
232 2606 337 2679 recte
357 2598 497 2679 lacere.
516 2631 537 2672 6
557 2599 830 2700 Quintilianus,
854 2600 882 2680 1.
902 2601 969 2700 lX,
986 2625 1022 2681 c.
1040 2600 1080 2698 l,
1097 2599 1175 2678 ll:
1198 2596 1449 2678 «Plurimum
1470 2604 1597 2703 refert
1613 2604 1801 2706 compost-

67 2723 172 2820 nume,
188 2748 272 2828 quae
288 2723 427 2828 quibus
442 2732 666 2830 anteponas.
682 2757 702 2800 6
1090 2734 1093 2750 '

98 2936 163 3014 Est,
185 2937 329 3018 Intereat,
353 2940 477 3019 Refert,
497 2958 571 3003 cum
592 2939 726 3003 officium
746 2945 836 3024 alque
858 2940 897 3003 ad
954 2937 1086 3004 cessario
1099 2937 1355 3021 superabatur.»
1374 2936 1472 3016 ldem,
1486 2937 1620 3018 Fam.,l.
1634 2938 1671 3018 ll,
1686 2943 1798 3022 ep.20,

65 3051 121 3096 run
134 3037 285 3118 pertinere
305 3037 495 3118 significant,
508 3039 606 3120 prima
627 3044 659 3101 et
676 3039 812 3102 secunda
827 3057 896 3120 per-
955 3041 993 3101 5:
1014 3037 1115 3101 «Nou
1135 3037 1281 3119 adscripsi
1294 3035 1325 3100 id
1346 3035 1423 3119 quod
1445 3042 1497 3101 tus
1515 3037 1590 3100 nihil
1609 3038 1798 3119 referebat.»

65 3147 128 3195 suna
152 3142 270 3214 carent,
296 3154 357 3218 qus
379 3135 418 3198 de
441 3154 533 3200 causa
552 3135 767 3218 impersonalis
791 3137 894 3214 verbs,
953 3136 1043 3200 blodo
1061 3135 1214 3200 infinitum
1233 3135 1379 3213 verbum,
1393 3140 1447 3198 aut
1466 3133 1610 3199 orationis
1627 3137 1801 3199 membrum

65 3228 117 3292 sire
129 3231 213 3294 verba
230 3233 298 3295 sine
317 3232 454 3314 personis
473 3235 484 3313 (
491 3241 527 3296 ut
539 3233 633 3298 Varro
653 3235 798 3317 loquitur,
813 3236 835 3298 l.
854 3233 893 3312 X,
953 3235 1022 3298 luco
1044 3233 1223 3299 nominativi
1240 3233 1405 3316 accipiunt.
1426 3233 1525 3312 ldem,
1544 3233 1583 3297 de
1601 3232 1697 3312 Orat,
1720 3235 1742 3298 l.
1762 3234 1800 3313 ll,

66 3329 112 3407 32)
124 3337 246 3411 possunt
256 3331 415 3413 appellari.
428 3331 546 3413 ltaque,
559 3351 630 3396 cum
644 3332 771 3396 verbum
784 3334 896 3416 imper·
954 3352 983 3398 c.
1001 3338 1054 3412 27,
1069 3337 1126 3396 ll'l
1144 3351 1153 3396 ε
1178 3355 1194 3394 a
1210 3332 1298 3396 Turdi
1317 3332 1431 3414 ingenii
1449 3342 1490 3396 est
1506 3333 1616 3396 muetos
1629 3333 1799 3411 mnsectert,

1 3457 2 3460 ¹
65 3429 156 3490 maele
166 3428 305 3506 dicimus,
320 3429 492 3511 praepositio
502 3430 533 3491 in
547 3429 747 3511 privationem
761 3430 897 3495 declarat
953 3433 1159 3513 sontesrerum
1169 3451 1228 3494 uon
1239 3431 1377 3495 uidere.»
1392 3430 1489 3510 ldem,
1500 3431 1628 3510 Fam.,l.
1642 3430 1696 3510 lli,
1706 3450 1756 3514 ep.
1768 3435 1798 3507 5,

65 3525 157 3604 primu
169 3533 200 3590 et
211 3526 355 3590 secundm
369 3545 517 3608 personae,
534 3529 645 3610 quibus
658 3529 788 3592 verbum
800 3529 896 3612 priva·
954 3535 998 3595 l:
1023 3554 1039 3591 a
1061 3530 1224 3613 Utriusque
1237 3536 1375 3595 nostrum
1393 3530 1496 3611 magni
1511 3531 1633 3594 interest
1650 3539 1684 3594 ut
1706 3539 1735 3593 te
1756 3531 1801 3593 vi-

65 3628 117 3701 tur,
129 3642 187 3687 non
200 3623 391 3702 nominativi,
407 3626 469 3689 sive
483 3645 621 3709 personae
643 3628 759 3707 agentis
772 3647 826 3691 seu
843 3647 897 3710 pa·
953 3628 1039 3690 deum
1063 3638 1132 3692 unte
1156 3649 1244 3712 quum
1271 3629 1449 3708 decedcs,·s
1480 3638 1562 3692 utta
1593 3629 1709 3693 culleum
1731 3637 1801 3692 unte

65 3721 167 3798 tientis,
182 3730 216 3785 ut
228 3724 419 3803 grammatici
431 3726 568 3805 juniores
580 3725 696 3789 volunt.
711 3724 773 3788 Sed
786 3727 843 3789 bac
857 3727 896 3788 da
954 3748 1041 3810 quum
1062 3728 1199 3807 decedas,
1225 3728 1286 3792 boc
1313 3728 1503 3806 membrum,
1527 3729 1590 3791 siva
1614 3747 1684 3810 pars
1707 3728 1800 3792 tutius

2 3877 3 3880 ,
65 3835 93 3879 rc
104 3837 188 3901 supra
201 3819 231 3882 in
249 3819 442 3884 iludimentis
461 3821 578 3886 dictum
593 3828 656 3899 est,
671 3822 821 3906 pluraque
841 3843 896 3886 sno
955 3824 1118 3905 orationis,
1137 3825 1220 3889 verbi
1239 3825 1359 3890 interest
1376 3825 1581 3914 nominativus
1599 3830 1658 3890 est.
1678 3824 1800 3902 Itidem,

66 3915 124 3981 luco
137 3919 284 3982 dicentur.
955 3925 1081 4007 majores
1099 3933 1173 3988 nutu
1190 3925 1289 3988 vereri
1306 3925 1373 3988 vice
1391 3923 1567 3988 nominativi
1585 3925 1724 4006 punitum
1745 3923 1803 3985 nisi

98 4013 163 4078 ileu
179 4017 236 4079 tria
259 4017 351 4080 verbu
376 4020 431 4097 (ut
453 4018 492 4082 ad
513 4037 579 4083 rem
599 4019 781 4099 redeamus)
803 4021 897 4086 modo
956 4022 1024 4103 quis
1052 4021 1125 4084 velit
1144 4022 1269 4102 officium
1289 4039 1343 4084 seu
1364 4021 1524 4103 proprium
1541 4019 1720 4096 subaudire,
1743 4025 1800 4083 ut:

3 4145 4 4148 ¹
66 4116 270 4179 nominativum
282 4117 396 4180 habant
410 4125 527 4199 aperte.
543 4119 659 4197 Cicero,
673 4119 811 4198 Tuscul,
823 4121 845 4184 l.
859 4120 898 4197 V,
955 4119 1165 4183 Adolescentis
1181 4119 1306 4200 officium
1325 4124 1371 4182 ast
1386 4120 1518 4199 majores
1537 4124 1611 4181 natu
1630 4116 1746 4195 vereri;
1769 4123 1803 4179 ut

3 4223 5 4258 ³
66 4229 89 4272 c.
107 4216 155 4292 28,
176 4217 212 4276 81
234 4234 243 4278 :
267 4215 444 4298 «Sapientis
465 4226 508 4279 eat
530 4217 612 4280 enim
633 4219 802 4300 proprium,
823 4219 898 4282 nihil
956 4217 1032 4279 illud
1048 4235 1056 4280 ε
1071 4216 1222 4299 Sapientis
1232 4223 1279 4282 est
1287 4217 1458 4300 preprium,
1472 4215 1547 4279 nibil
1561 4214 1645 4298 quod
1658 4215 1803 4298 poenitere

65 4310 139 4388 quod
159 4314 306 4394 poenitere
325 4315 432 4396 possit,
453 4314 597 4378 facere.»
616 4315 716 4392 idem,
730 4317 761 4378 in
779 4316 900 4394 Partit,
957 4312 1063 4396 possit,
1076 4313 1188 4377 iacere.

66 4425 89 4468 c·
102 4410 152 4486 tl,
164 4413 223 4475 8⁴2
241 4435 257 4472 a
273 4411 355 4488 Quod
366 4413 448 4476 enim
462 4413 619 4495 permagni
634 4415 765 4494 interest,
779 4433 836 4497 pro
846 4433 901 4479 ne-

794 4640 1060 4713 EXCEPTIO.

110 4787 200 4866 273.
231 4787 393 4868 Interest
413 4796 543 4870 tamen
567 4797 603 4871 61
625 4790 763 4894 Refert
787 4791 856 4871 hos
882 4789 1067 4870 ablativus
1091 4789 1236 4869 babent
1260 4820 1269 4868 :
1296 4815 1403 4886 mec,
1430 4798 1514 4887 tun,
1540 4812 1629 4886 suc,
1655 4799 1803 4881 nostru,

63 4927 194 4992 uestra.
213 4913 358 5014 Cicero,
375 4914 503 5016 Fam,
532 4916 559 4995 1.
585 4917 686 5017 XVI,
713 4943 775 5028 ep.
801 4918 825 4995 l
853 4948 862 4996 ι
892 4947 913 4991 «
939 4915 1021 4995 Tua
1043 4921 1082 4995 et
1102 4941 1187 4994 meu
1210 4913 1376 4994 nranime
1393 4917 1550 4992 interest
1565 4918 1601 4992 te
1620 4911 1763 4992 valere.
1779 4943 1800 4994 u

5 5049 6 5053 '
64 5037 228 5138 Terent,
245 5039 385 5146 Hecyr.
404 5048 478 5120 act.
495 5040 542 5140 V,
554 5067 607 5122 sc.
627 5041 664 5141 3,
682 5067 720 5121 v.
739 5041 810 5120 811
834 5071 842 5120 :
1430 5029 1439 5044 ⁶

493 5281 635 5300 .....
660 5235 722 5298 Tua
735 5235 819 5317 quod
832 5237 875 5299 nil
889 5238 996 5317 refert,
1012 5233 1181 5317 percontari
1194 5230 1324 5296 desinas.

64 5403 202 5506 Cicero,
218 5431 286 5512 pm
302 5405 473 5505 Cluent,
491 5430 527 5485 c.
545 5406 611 5504 54,
632 5405 706 5484 119
729 5435 737 5485 :
760 5436 781 5478 a
795 5405 866 5487 Hic
879 5431 950 5485 suu
964 5410 1074 5511 putat
1090 5407 1282 5502 interesse,
1299 5425 1338 5480 se
1353 5426 1393 5480 re
1408 5399 1490 5504 ipsa
1504 5406 1543 5478 et
1557 5404 1662 5505 gesto
1680 5421 1808 5504 nego-
