4680 6166
725 541 768 592 nn
790 539 978 592 vunuonuu
1000 542 1274 594 cousucarroua.
1833 495 1887 591 375

124 679 235 746 auur,
247 670 380 750 leuatur.
392 689 407 728 n
426 670 497 734 llaec
511 670 573 734 ille.
589 669 776 734 Verumhaec
789 672 898 736 eadem
912 672 978 754 ipsa
1035 675 1131 755 genii,
1144 693 1206 757 quo
1221 681 1252 738 et
1265 675 1458 756 magistratus
1469 681 1684 756 personam,et
1695 673 1885 737 consularem

125 786 181 832 nou
197 767 328 832 difficile
348 769 408 832 orit
430 769 590 832 ostendere
613 769 709 833 laturi
730 789 797 833 esse
819 771 976 852 temporis.
1036 773 1214 854 dignitatem
1228 778 1367 837 tueretur
1373 791 1383 852 ;
1400 773 1478 855 quod
1498 772 1575 836 idem
1591 772 1628 835 de
1641 771 1677 836 C.
1697 771 1786 835 Coelio
1802 771 1888 833 diue·

126 865 198 930 Cum
212 875 331 930 muana
341 869 412 944 um,
422 869 471 943 sis,
482 868 533 944 ait,
544 885 606 930 non
616 868 717 932 miuus
726 870 765 932 sit
778 869 976 950 futuriquam
1036 873 1132 935 ruma
1149 871 1353 946 Quintilianus
1363 870 1488 934 dixisset
1503 888 1512 932 ε
1529 869 1611 946 Quod
1624 869 1701 932 idem
1719 869 1756 933 de
1769 869 1806 932 C.
1822 869 1887 932 Ce-

126 966 266 1048 peusin
280 966 481 1047 subjunctivi3
496 984 568 1029 uam
581 969 848 1047 ntvccesagendi,
864 986 979 1029 maoc-
1036 971 1077 1032 lio
1093 969 1203 1032 dictam
1224 970 1283 1048 n't,·
1302 969 1346 1031 sic
1370 969 1452 1031 enim
1468 967 1606 1049 loquitur
1624 967 1646 1030 l.
1658 965 1723 1042 Vll,
1741 985 1770 1028 c.
1792 972 1821 1041 l,
1839 969 1885 1029 a:

126 1065 196 1140 rana,
214 1062 379 1138 domuerint,
401 1065 536 1144 leperim,
555 1081 739 1128 communes
752 1070 823 1128 suut
836 1064 980 1147 praeteriti
1042 1067 1147 1130 «Nam
1161 1069 1203 1131 sic
1223 1067 1347 1130 diversae
1360 1067 1581 1149 propositiones
1594 1071 1700 1144 erunt;
1716 1064 1793 1147 quod
1811 1064 1886 1128 mem

127 1168 155 1223 at
174 1160 288 1238 futuri,
310 1161 352 1224 ita
368 1161 518 1244 patiendi,
537 1172 652 1224 amatus
670 1164 725 1224 sim
739 1163 786 1224 vel
804 1163 927 1245 fuerim,
948 1163 979 1225 id
1037 1167 1073 1229 de
1082 1167 1269 1248 petitionibus
1282 1165 1393 1228 dictum
1406 1167 1479 1228 rit.»
1495 1165 1584 1238 Quod
1595 1163 1699 1227 Cicero
1711 1163 1887 1228 circuitione

127 1259 255 1341 quadiu
269 1260 574 1340 modocoujunctiao
592 1260 882 1342 plenissimumliet.
900 1261 980 1324 Pre-
1038 1266 1087 1328 illa
1101 1282 1163 1329 uou
1177 1265 1306 1330 obscure
1323 1264 1503 1345 significavit
1518 1281 1527 1326 ε
1542 1263 1616 1327 Haec
1628 1260 1718 1324 baba
1734 1281 1799 1344 aaa
1812 1260 1889 1324 dice-

127 1365 225 1435 leres,
247 1360 272 1422 si
299 1357 431 1423 latemur
449 1358 516 1423 haec
541 1359 613 1424 :Ne
635 1358 759 1424 dilueris
782 1368 980 1423 atramentum
1037 1383 1098 1426 rem
1108 1383 1122 1441 ,·
1136 1363 1194 1426 hoc
1207 1369 1263 1442 est,
1278 1383 1345 1446 que
1355 1382 1466 1444 muers
1478 1361 1587 1424 dicere.

11 1485 12 1530 l
127 1476 215 1540 aqva,
233 1455 282 1520 Ne
295 1458 447 1539 ammi
460 1458 603 1540 januam,
617 1457 664 1522 Ne
677 1459 836 1540 paraveris
848 1477 981 1536 coenam;
1078 1461 1167 1535 Quod
1190 1461 1214 1525 si
1233 1462 1272 1525 ad
1294 1461 1505 1543 imperativum
1518 1459 1584 1521 hac
1598 1458 1763 1540 pertinent,
1778 1474 1888 1520 couce-

11 1621 12 1632 ,
127 1555 148 1618 si
163 1554 242 1634 baec,
259 1555 400 1638 inquam,
413 1559 445 1618 el
456 1555 566 1619 similia
577 1555 711 1620 fatemur
720 1575 786 1620 esse
795 1556 889 1619 lutari
904 1563 980 1618 tem·
1038 1560 1147 1622 damus
1162 1577 1287 1623 necesse
1303 1567 1350 1622 est
1363 1560 1461 1642 ipsum
1476 1558 1566 1620 etiam
1581 1557 1711 1639 primam
1726 1574 1887 1637 personam

11 1667 12 1736 l
128 1654 237 1735 poris:
260 1652 307 1717 Ne
329 1653 457 1717 ddutum
476 1655 515 1717 rit
534 1674 612 1738 aqua
639 1664 850 1732 atramentum,
875 1653 921 1717 Ne
942 1655 982 1716 sit
1040 1657 1218 1737 admittere3
1242 1664 1279 1721 ut
1294 1658 1376 1721 euim
1397 1656 1527 1720 dicimus
1542 1673 1551 1716 ε
1566 1653 1644 1718 Mr'lu'
1661 1671 1772 1737 putoque
1789 1653 1822 1714 in
1842 1653 1889 1714 in·

11 2111 12 2114 ,
130 2045 192 2108 lant
208 2046 325 2110 addere
340 2063 349 2109 :
364 2046 545 2110 Aristoteles
568 2047 600 2109 in
619 2055 756 2110 extrema
776 2047 873 2128 prima
891 2046 981 2110 Cate-

127 1759 232 1832 aperta
245 1753 358 1834 janua,
378 1751 425 1815 Ne
437 1753 476 1815 ait
493 1760 605 1834 parata
622 1773 714 1828 coeaa,
737 1760 768 1815 et
785 1752 907 1828 similia,
927 1770 981 1814 cur
1039 1765 1119 1819 certo
1138 1757 1273 1820 relictum
1295 1757 1355 1834 sit,·
1374 1757 1416 1818 ita
1435 1760 1467 1817 et
1484 1753 1559 1817 mihi
1576 1753 1642 1816 haec
1659 1751 1786 1835 probata
1803 1751 1886 1814 sint:

129 1850 271 1932 preteriti
287 1851 435 1933 temporis
453 1855 561 1914 eruutt
576 1850 636 1913 Sed
651 1852 716 1914 haec
730 1849 860 1912 uiderint
873 1851 980 1914 critici.
1040 1855 1188 1918 Hactenus
1200 1855 1261 1919 iaec
1274 1855 1349 1916 mibi
1358 1853 1439 1915 dr'cta
1448 1854 1520 1928 sint,
1532 1857 1564 1915 et
1575 1858 1719 1915 sexcenta
1728 1849 1785 1913 alia
1798 1849 1891 1929 hujus

168 1947 223 2011 llla
244 1948 344 2030 magis
364 1955 474 2028 urgent
488 1967 557 2031 quae
572 1948 667 2012 Graeci
682 1951 713 2010 iu
729 1948 920 2030 peroratione
934 1966 982 2011 so·
1040 1953 1160 2034 generis
1172 1953 1383 2035 dicipossunt3
1398 1969 1467 2034 quae
1475 1949 1600 2033 quidem
1608 1949 1632 2011 si
1641 1948 1672 2011 in
1681 1947 1772 2012 verba
1781 1947 1891 2028 agendi

1041 2053 1115 2115 velis
1134 2053 1298 2130 resolvere,
1312 2050 1398 2115 nullo
1419 2049 1512 2112 modo
1531 2048 1583 2111 tibi
1608 2047 1786 2129 imperativo
1805 2053 1891 2108 uten-

129 2145 211 2224 gons
227 2143 320 2225 :fleti
337 2144 387 2222 μὲν
404 2145 545 2218 Μυσίας
561 2150 679 2206 τοσαῦτα
699 2144 836 2226 εἰρήσθω
856 2144 928 2207 llaec
943 2145 982 2207 de
1041 2150 1116 2214 dum
1130 2151 1197 2214 orit.
1218 2150 1278 2213 Sed
1292 2151 1358 2212 buc
1372 2165 1496 2231 quoque
1511 2146 1644 2208 viderint
1666 2143 1846 2222 Aristarcbi3
1860 2150 1891 2206 et

130 2241 298 2304 substantia
324 2242 405 2304 aare
434 2244 505 2306 siut.
532 2243 631 2321 Plato,
657 2243 796 2324 Epist'l
825 2242 982 2324 :Eipnatu

132 2339 287 2418 ᾤμεουλής
303 2340 422 2404 Dictum
431 2341 470 2402 u't
483 2341 658 2419 consilium,
667 2341 715 2404 vel
729 2340 839 2404 dictum
852 2341 890 2402 a't
905 2358 983 2404 con-

131 2439 270 2516 silio„uel
279 2441 319 2501 sit
328 2439 396 2502 linis
409 2439 527 2503 consilii
542 2443 596 2519 (l).
610 2439 716 2505 Cicero
730 2439 905 2504 circuitione
919 2458 984 2502 ma·

132 2537 175 2615 gis
186 2554 281 2619 quem
292 2537 472 2617 hocgenere
485 2537 632 2617 loquendi
646 2538 834 2602 delectatur:
850 2536 889 2599 de
901 2534 985 2598 Ami·

132 2636 194 2713 cit,
215 2654 246 2700 c.
271 2638 324 2714 tt,
350 2639 434 2699 tol:
455 2657 471 2696 n
489 2635 560 2699 Haec
582 2633 675 2698 habui
699 2633 739 2697 de
762 2634 892 2697 amicitia
916 2652 984 2715 quae

132 2732 299 2796 dumeta.»
320 2733 416 2798 Graeci
433 2732 570 2799 dicerent
584 2753 592 2796 :
614 2733 677 2814 περὶ
697 2734 746 2810 μὲν
763 2739 813 2810 τῆς
829 2732 924 2814 φιλίας
941 2753 985 2792 το-

134 2837 215 2892 aina
228 2832 365 2914 sipisim
381 2832 428 2896 De
445 2831 576 2896 amicitia
592 2832 658 2896 haec
681 2831 761 2894 dicta
783 2832 853 2893 sint.
869 2830 927 2908 ld.,
944 2831 985 2893 de

133 2929 266 3010 Seuect,
281 2949 311 2995 c.
325 2933 378 3008 23,
393 2934 434 2996 85
449 2951 458 2994 ε
475 2929 574 2994 allaec
587 2929 680 2993 habui
694 2930 734 2993 de
748 2935 985 3012 senectuteque

134 3027 267 3093 dicerem,
288 3051 305 3089 a
322 3029 436 3104 Varro,
456 3029 497 3091 de
518 3028 636 3108 Lingua
656 3027 770 3105 latina,
792 3028 815 3091 l.
838 3027 896 3105 lll,
919 3031 982 3090 35:

138 3126 263 3202 «Quod
291 3128 331 3192 ad
359 3136 532 3210 temporum
564 3126 715 3190 vocabula
745 3126 837 3188 latina
864 3125 983 3202 attinet,

134 3225 280 3290 hamanus
300 3229 342 3289 sit
365 3227 437 3290 satis
454 3227 577 3290 dictam.
593 3249 608 3286 a
623 3223 763 3302 Quintil,
782 3224 804 3287 l.
825 3223 851 3302 l,
871 3243 900 3287 c.
921 3228 984 3287 17:

139 3323 209 3388 «lle
223 3324 341 3408 pueris,
355 3325 435 3388 iuter
455 3343 534 3407 quos
552 3322 733 3388 educabitur
752 3323 813 3400 ille,
828 3322 901 3386 huic
920 3321 986 3405 spei

134 3423 312 3500 destinatus,
330 3423 413 3486 idem
433 3424 516 3506 quod
530 3423 570 3486 de
587 3421 753 3485 nutricibus
769 3421 881 3483 dictum
902 3420 981 3483 siaa

135 3519 208 3598 liu„
223 3521 246 3583 l.
259 3519 327 3598 Vll,
344 3539 373 3584 c.
390 3525 429 3582 13
445 3539 454 3583 :
474 3519 577 3584 ollaec
590 3519 672 3581 dicta
684 3519 746 3580 sint
758 3518 907 3601 patribus.
931 3517 986 3594 Te,

136 3619 309 3701 imperator,
337 3617 449 3683 milites
467 3620 513 3682 tui
530 3635 666 3692 oramus,
685 3623 759 3697 eto.;
775 3637 790 3676 n
808 3623 840 3679 et
864 3616 885 3679 l.
907 3616 985 3693 Vlll,

136 3735 164 3781 c.
176 3721 195 3780 6
207 3736 217 3780 :
237 3717 483 3780 «Exanimatum
494 3722 636 3780 auctores
650 3716 867 3798 quoniamucn
880 3733 987 3778 omnes

136 3824 214 3894 suut,
228 3815 306 3879 mibi
326 3833 452 3898 quoque
474 3815 504 3877 in
527 3815 643 3877 incerto
661 3813 796 3875 relictum
814 3813 864 3874 ait.
878 3835 893 3870 o
908 3811 986 3885 Quid

137 3931 207 3994 crgo
224 3933 288 3978 non
309 3919 429 3977 constat
449 3913 504 3976 sibi
518 3912 629 3975 Varro?
648 3911 913 3994 Respondebimus
934 3929 987 3972 ne-

138 4029 206 4092 gare
218 4031 292 4076 eum
307 4013 441 4096 speciem
450 4010 620 4093 imperandi
633 4010 743 4091 agendi
756 4009 868 4073 habere
881 4015 988 4092 praete·

139 4108 238 4186 ritum,
250 4129 315 4174 nou
331 4109 486 4191 patiendi;
500 4110 549 4173 vel
570 4109 672 4191 potius
685 4109 724 4171 ad
738 4107 867 4172 modum
881 4114 988 4190 poten-

139 4206 237 4271 t'nlem
247 4215 401 4291 spectare.
415 4208 495 4270 Mitt
507 4227 617 4291 quoquae
628 4209 660 4269 in
670 4207 780 4269 incerto
791 4207 927 4269 relictum
935 4206 986 4282 sit,

140 4307 210 4389 quid
226 4307 310 4372 aliud
333 4307 483 4388 siguificat
496 4326 601 4389 quam,
616 4307 685 4388 Epo
702 4325 812 4388 quoque
830 4306 861 4367 in
880 4305 988 4366 incerto

141 4406 333 4490 alumnum?
355 4406 418 4485 sic,
443 4407 518 4472 Hac
547 4405 628 4468 dato
658 4405 717 4466 sint
739 4402 894 4486 patribm;
915 4403 989 4467 Haec

138 4503 215 4584 plebs
236 4506 354 4568 tamt
375 4503 529 4587 putribus;
552 4505 637 4569 Idern
664 4502 742 4586 quod
766 4501 805 4565 do
827 4501 989 4564 nutricibus

140 4601 247 4666 tunm
264 4602 423 4680 n't,·1dem
436 4602 514 4686 quod
535 4602 572 4666 de
591 4600 753 4664 sarnatus
765 4600 906 4664 aarum.
922 4601 989 4676 Quo

142 4702 232 4765 modo
263 4703 432 4784 loquuntur
465 4700 630 4782 gravisumi
664 4705 814 4762 auctores.
848 4696 926 4772 Cic„
958 4697 989 4759 in

143 4797 250 4878 bruto,
262 4819 292 4864 c.
307 4801 427 4878 t5,l65
438 4818 445 4862 :
458 4823 473 4859 a
484 4798 549 4863 llcc
558 4800 629 4862 loco
639 4799 740 4879 ipsum
749 4796 918 4860 Domitium
928 4813 990 4859 uon

143 4897 289 4982 relinquo.
308 4897 388 4961 Nam
409 4898 465 4960 etsi
478 4915 541 4960 non
556 4895 615 4958 luit
627 4897 659 4958 in
671 4901 828 4959 oratorum
842 4912 989 4972 numero,

144 5001 245 5060 tamen
258 5015 344 5080 pono
358 4996 430 5060 satis
450 4995 481 5058 in
503 5014 540 5059 eo
560 4995 652 5058 fuisse
674 4993 820 5059 orationis
834 4997 928 5076 alque
942 4993 992 5055 in·

178 5231 213 5296 (ll
230 5233 286 5284 lluc
306 5240 368 5285 sunt
387 5232 464 5284 rerba
483 5231 607 5291 Platonis,
623 5231 650 5280 ln
670 5229 721 5280 line
734 5229 849 5294 eplstolae
864 5241 871 5279 :
884 5244 897 5274 a
909 5230 947 5278 Τὰ
963 5231 992 5289 δὴ

145 5317 207 5375 psai
226 5315 256 5363 ad
272 5317 313 5364 eto
331 5314 433 5379 tudima
454 5313 471 5361 d
491 5312 651 5376 ξυμόουλεύω,
672 5312 758 5376 σχεδὸν
780 5309 874 5376 εἴρηταί
895 5325 935 5371 μοι
952 5309 994 5357 nal

144 5391 256 5452 sipisim.
268 5408 283 5440 ι

1042 2268 1079 2311 es
1093 2249 1168 2311 mibi
1181 2266 1307 2331 qunque
1319 2247 1350 2309 in
1365 2247 1480 2310 incerto
1494 2243 1600 2307 relicta
1610 2242 1681 2308 siut.
1695 2241 1774 2305 lllud
1786 2247 1891 2302 umen

1042 2346 1199 2410 admoueri
1217 2351 1346 2429 possunt
1359 2343 1457 2426 pueri,
1473 2349 1519 2420 ut,
1537 2342 1563 2404 si
1579 2340 1702 2423 quando
1716 2337 1893 2421 imperativo

1044 2445 1163 2526 passivo
1176 2444 1269 2525 hujus
1282 2443 1388 2506 lormae
1403 2441 1447 2505 uti
1460 2440 1568 2518 velint,
1583 2439 1672 2502 tertia
1686 2455 1816 2520 persona
1827 2442 1892 2499 tan·

1042 2548 1110 2606 tum
1124 2544 1282 2626 utriusque
1296 2541 1416 2605 numeri
1428 2559 1465 2604 ac
1477 2557 1591 2621 genere
1606 2537 1765 2600 dumtaxat
1785 2542 1893 2599 neutro

1043 2648 1179 2706 utantur.

1077 2869 1135 2940 38.
1172 2902 1235 2942 assu
1252 2902 1286 2943 ur
1302 2901 1379 2942 auras
1396 2898 1479 2940 rocus
1497 2897 1595 2946 aursus
1611 2896 1706 2938 sooner
1723 2895 1862 2938 suesanus

1314 2989 1436 3030 uruurua
1454 2986 1622 3028 narraturo.

1084 3142 1198 3204 Praeter
1221 3158 1273 3202 eas
1299 3157 1390 3204 voces
1413 3157 1490 3222 quas
1515 3135 1693 3219 imperativo
1720 3136 1894 3214 tribuimus,

1044 3242 1157 3303 suntet
1170 3238 1236 3301 aliae
1244 3236 1356 3320 quibus
1367 3255 1429 3301 nou
1443 3253 1512 3298 raro
1524 3233 1641 3317 probati
1654 3239 1793 3298 auctores
1806 3238 1896 3297 utun·

1044 3345 1104 3401 tur.
1130 3336 1166 3410 Q.
1190 3335 1266 3414 Cic,
1290 3335 1329 3398 de
1351 3334 1437 3416 petit.
1460 3331 1599 3410 Cortsul,
1619 3350 1647 3395 c.
1668 3333 1701 3408 8,
1723 3335 1758 3394 31
1778 3350 1787 3394 :
1805 3330 1895 3395 allos

1044 3436 1289 3513 internoscasss),
1303 3439 1335 3497 et
1352 3431 1454 3494 videto
1471 3449 1521 3508 ne,
1537 3415 1592 3512 spe
1616 3429 1649 3493 in
1662 3430 1764 3513 aliquo
1779 3430 1895 3508 maiore

1045 3534 1159 3615 posita,
1196 3531 1325 3613 praesidii
1355 3548 1464 3612 parum
1497 3534 1706 3611 comparatum
1739 3529 1896 3611 perquiras

1045 3631 1135 3695 etiam
1145 3635 1176 3694 et
1185 3629 1485 3710 iaceatipcshomines
1494 3647 1531 3692 ex
1540 3628 1625 3692 omni
1633 3628 1771 3708 regione,
1782 3644 1896 3709 eosque

1044 3749 1208 3811 capnoscas,
1235 3738 1368 3810 appetas,
1388 3728 1553 3809 confirmes.
1576 3725 1707 3805 aldem,
1731 3727 1770 3788 ad
1790 3725 1897 3803 Atlio,

1045 3829 1068 3892 l.
1082 3827 1162 3900 llll,
1178 3847 1228 3910 ep.
1246 3831 1330 3904 ll,8
1348 3844 1356 3890 ε
1377 3825 1529 3902 aAtticae,
1548 3824 1695 3905 quoniam
1714 3823 1799 3907 quod
1820 3823 1898 3905 opti·

1046 3945 1132 3990 mum
1151 3926 1183 3988 in
1202 3925 1305 4008 pueris
1318 3930 1377 4002 est,
1391 3922 1521 3986 hilarula
1540 3929 1598 4000 est,
1621 3922 1698 3985 meis
1717 3921 1815 3985 verbis
1829 3940 1898 3984 sua·

1046 4025 1129 4088 vium
1140 4025 1201 4087 des.
1215 4047 1230 4083 n
1249 4022 1382 4102 Terent,
1395 4021 1506 4104 llecyr.
1520 4027 1581 4084 act.
1598 4020 1648 4099 lv,
1665 4040 1708 4084 sc.
1721 4025 1753 4097 1,
1767 4039 1797 4083 v.
1811 4021 1871 4084 699
1887 4037 1895 4082 :

1111 4213 1223 4230 .....
1242 4175 1355 4227 Puerum
1368 4173 1500 4240 accipiam
1514 4185 1573 4226 uam
1584 4173 1607 4224 is
1616 4171 1721 4237 qaudam

1109 4258 1138 4309 lu
1150 4258 1224 4322 culpa
1240 4269 1291 4307 uon
1303 4261 1354 4307 est.

1046 4393 1144 4470 ldcm,
1160 4391 1306 4455 Eunuch.
1321 4399 1379 4453 act.
1393 4390 1433 4468 ll,
1444 4409 1488 4453 sc.
1503 4393 1533 4466 t,
1547 4409 1578 4452 v.
1599 4391 1659 4452 388
1675 4406 1683 4450 :

1111 4544 1245 4596 Sicertum
1255 4550 1295 4595 est
1308 4542 1403 4606 tacere,
1416 4541 1513 4607 [amas.

1048 4682 1148 4760 ldem,
1163 4681 1258 4744 Andr.
1273 4688 1333 4744 act.
1347 4680 1399 4757 lll,
1411 4700 1454 4743 sc.
1471 4682 1503 4758 8,
1517 4698 1546 4741 v.
1564 4680 1642 4742 598:

1113 4835 1144 4887 ll.
1156 4835 1258 4885 Faciam
1269 4833 1356 4884 lrercle
1367 4833 1467 4884 sedulo.
1481 4831 1509 4883 S.
1525 4831 1602 4885 Potes
1615 4843 1694 4893 nunc,
1708 4829 1769 4882 dum
1784 4831 1886 4881 animus

1113 4915 1143 4968 ll.
1159 4913 1292 4974 Quiescas.
1619 4947 1621 4952 -
1713 4909 1840 4976 [lrrltatus
1850 4918 1901 4962 est.

1049 5065 1253 5078 -—--

1083 5143 1120 5210 (l)
1136 5141 1194 5193 llaec
1202 5140 1281 5192 rerba
1293 5139 1385 5191 eodem
1401 5139 1478 5191 modo
1492 5137 1567 5190 affert
1577 5138 1694 5198 Vossius,
1708 5138 1764 5189 Art.
1778 5137 1902 5200 Gramma

1052 5226 1071 5277 l.
1086 5224 1117 5288 ll,
1131 5237 1155 5277 c.
1166 5223 1206 5273 ll.
1215 5221 1381 5274 Recentiores
1394 5233 1466 5282 uero,
1479 5220 1547 5270 luter
1562 5232 1628 5285 quos
1641 5219 1768 5280 Lemaire,
1781 5217 1903 5280 Orellius,

1054 5304 1165 5367 Tenba,
1176 5315 1227 5354 uon
1241 5301 1355 5353 habeut:
1368 5316 1383 5349 a
1397 5299 1449 5351 llos
1461 5301 1622 5351 iutcmoscas
1624 5335 1675 5352 .....
1689 5311 1780 5364 parum
1795 5310 1903 5362 compa-

1054 5391 1163 5448 retnr;u
1175 5383 1220 5434 scd
1235 5394 1265 5434 ea
1280 5387 1446 5445 tantumque
1459 5386 1604 5446 sequamur
1616 5393 1623 5431 :
1638 5395 1652 5428 n
1665 5379 1813 5443 Perqutras,
1823 5385 1875 5430 etc.
1888 5393 1902 5426 a
