4646 6166
946 922 1344 1022 renonem
1389 924 1708 1044 nnronon

805 1209 929 1349 DE
1000 1205 1844 1358 CONSTRUCTIONE

1062 1507 1304 1574 TIRONIBUS
1332 1507 1585 1576 EDISCENDA

509 1843 597 1924 138.
628 1845 855 1925 Panamara
875 1842 905 1922 I.
919 1887 973 1904 -
984 1838 1280 1922 substantivum
1296 1862 1437 1920 nomen
1452 1840 1660 1923 concordat
1673 1868 1762 1924 cum
1779 1843 1969 1952 adjectivo
1983 1843 2026 1925 in
2040 1871 2198 1955 genere,

454 1993 614 2053 numero
629 1976 669 2050 et
684 1993 789 2070 casu,
806 1975 848 2049 ut
868 2000 876 2048 :
891 1994 991 2074 puer
1006 1971 1238 2074 rnqem'ooua,
1254 1972 1440 2046 memorio
1455 1970 1630 2073 infimae,
1648 1973 1844 2075 moenium
1857 1971 2028 2053 tardum.

505 2203 733 2284 Pancarrou
751 2202 798 2282 II.
814 2247 869 2263 -
882 2198 1101 2281 Relativum
1116 2203 1196 2308 qut,
1217 2224 1316 2305 que,
1335 2200 1437 2305 qood
1455 2199 1622 2283 cohaeret
1635 2229 1725 2285 cum
1745 2203 1986 2287 antecedenti
2000 2202 2042 2284 in
2056 2231 2200 2312 genere

452 2337 492 2409 et
510 2352 687 2429 numero,
711 2335 755 2409 ut
785 2359 793 2408 ι
820 2329 907 2426 Non
930 2335 987 2407 est
1013 2325 1200 2408 dicendus
1216 2351 1320 2430 puer
1343 2323 1557 2432 ingenuus,
1582 2333 1653 2436 qm·
1676 2329 1947 2411 verecundiam
1973 2355 2052 2412 non
2076 2340 2197 2413 amet.

454 2453 597 2561 Accepi
621 2462 707 2534 tuas
729 2455 880 2550 laterae,
904 2475 990 2559 quc
1013 2449 1110 2532 mihi
1128 2448 1418 2557 jucundissima
1442 2450 1612 2533 fuerunt.
1638 2455 1732 2564 Legi
1756 2464 1861 2537 tuam
1884 2457 2095 2562 epulonem,
2116 2483 2202 2566 quae

454 2578 551 2660 mihi
575 2576 797 2660 mirandum
812 2577 854 2658 in
871 2575 1031 2658 modum
1045 2574 1203 2684 placuit.

506 2817 733 2896 Pancnrrmr
753 2816 816 2895 III.
830 2816 1070 2898 -Verbum
1089 2817 1289 2922 personale
1310 2819 1408 2900 finiti
1431 2814 1536 2897 modi
1559 2817 1724 2921 postulat
1745 2824 1835 2898 ante
1857 2843 1896 2898 se
1917 2817 2201 2901 nominativum

454 2939 626 3049 ejusdem
639 2940 793 3021 numeri
808 2948 847 3022 et
861 2968 1047 3048 personae,
1065 2947 1132 3022 ut:
1151 2941 1234 3047 qu
1252 2947 1377 3050 loqeo.
1403 2944 1459 3025 Tu
1478 2942 1592 3023 rader.
1617 2944 1839 3050 Praeceptor
1859 2945 1977 3026 docet.
2000 2945 2080 3026 Noa
2100 2947 2202 3050 leqi-

454 3093 552 3146 mue.
581 3066 840 3146 Vooecribc'to'a.
858 3067 1261 3172 Aleotoresoepulont.

508 3300 732 3380 Pnnoerrnu
752 3299 815 3378 IV.
833 3344 887 3361 -
900 3299 1070 3381 Verbum
1086 3299 1230 3380 infiniti
1242 3301 1346 3381 modi
1365 3309 1455 3381 ante
1470 3326 1509 3382 se
1525 3299 1786 3382 accusativum
1800 3301 1932 3402 habet,
1948 3309 1992 3383 ut
2012 3333 2022 3382 ε
2044 3303 2201 3384 Gaudeo

455 3437 491 3505 te
517 3424 616 3505 bene
642 3426 788 3505 volere.
816 3423 935 3506 Doleo
954 3438 1137 3533 parentes
1164 3439 1248 3506 tuos
1274 3438 1475 3530 oeqrotare.
1506 3430 1632 3508 Laetor
1655 3433 1824 3531 fratrem
1849 3439 1958 3508 tuum
1987 3429 2133 3508 salvom
2163 3437 2201 3508 et

455 3550 693 3631 incolumem
711 3553 870 3631 venere.

506 3784 732 3864 Paecrrrun
760 3784 808 3863 V.
833 3784 1077 3865 -Verbum
1106 3785 1389 3866 substantivum
1416 3810 1495 3866 non
1521 3787 1645 3866 solum
1673 3795 1785 3888 ante,
1816 3785 2022 3867 sedetiam
2049 3795 2133 3894 post
2161 3813 2201 3867 se

454 3908 738 3989 nominativum
753 3909 863 4016 petit,
875 3917 939 3990 ut:
957 3911 1205 3989 Parcz'monic
1220 3923 1276 3989 eet
1289 3938 1472 4016 moenum
1484 3914 1659 4016 vectryol.
1674 3914 1775 3992 Amo
1787 3923 1875 3991 tucca
1887 3916 1967 4015 fuit
1977 3917 2039 3992 vt'r
2052 3912 2199 3994 doctus.

463 4033 694 4116 Verecunda
707 4046 764 4115 eet
773 4037 988 4114 manciacum
1003 4047 1271 4116 ornamentum
1285 4036 1470 4143 pueritiae.

507 4270 732 4349 Panoarrmr
750 4267 817 4349 VI.
833 4313 887 4330 -
905 4268 1030 4349 Omne
1048 4267 1211 4349 verbum
1234 4269 1435 4375 personale
1458 4268 1558 4349 finiti
1580 4266 1684 4368 modi
1708 4277 1834 4374 potest
1854 4269 2034 4376 utrinque
2056 4267 2202 4350 habere

455 4393 732 4475 nominativum
760 4392 1021 4499 pertinentem
1046 4391 1094 4472 ad
1119 4391 1296 4474 eamdem
1319 4419 1421 4496 rem,
1444 4401 1487 4473 ut
1510 4425 1518 4473 :
1542 4393 1618 4473 Hic
1641 4405 1799 4474 vocatur
1822 4394 1983 4474 Paulus.
2012 4393 2084 4474 Ille
2110 4400 2202 4474 orori

455 4523 707 4600 mammenus.
725 4517 828 4598 Boni
838 4521 1061 4598 mentiantur
1075 4517 1166 4596 toetr'.

506 4752 732 4832 Pnncrmmr
749 4750 832 4830 VII.
856 4795 911 4811 -
929 4748 1252 4856 Quotiescumque
1279 4749 1354 4831 duo
1379 4749 1540 4831 nomina
1569 4750 1828 4850 substantivo,
1864 4749 1912 4832 ad
1942 4775 2003 4834 res
2031 4750 2202 4832 diversas

454 4875 696 4984 pertinentia,
718 4876 759 4956 in
782 4873 954 4956 oratione
979 4882 1179 4981 ponuntur
1199 4874 1282 4955 sine
1303 4873 1592 4982 conjunctione,
1609 4875 1775 4957 alterum
1798 4876 1870 4957 erit
1890 4875 2048 4985 genitivi
2068 4901 2197 4978 casus,

452 5012 519 5084 ut:
541 5003 717 5083 Libertate
730 5002 917 5107 Pompeii.
934 5000 1108 5107 Epcatola
1120 5001 1323 5080 Cc'ceromlv.
1343 5003 1508 5082 Carmen
1523 5002 1692 5106 Virqilz'c.

506 5237 731 5318 Pnncrrrmr
749 5236 847 5316 VIII.
869 5225 1108 5316 -Verbum
1137 5235 1304 5315 activum
1331 5245 1414 5342 post
1441 5262 1481 5317 se
1510 5235 1713 5318 accusandi
1742 5261 1873 5317 casum
1903 5235 2089 5342 postulat,
2112 5244 2157 5316 ut
2185 5275 2192 5316 :

454 5360 564 5443 Pueri
584 5359 742 5469 ingenui
760 5372 893 5440 amant
910 5362 1054 5440 oteres.
1077 5359 1211 5440 Frater
1229 5367 1316 5440 tuus
1333 5363 1427 5467 leqz't
1440 5363 1657 5442 Ciceronem
1671 5358 1891 5467 diligenter.
