4678 6162
498 531 573 610 502
1117 563 1161 614 nn
1181 563 1366 616 ornuruorr
1386 561 1611 614 nuunusroun.

534 691 641 769 Aurei,
656 695 758 776 oquci,
781 693 873 767 aulai,
886 693 990 774 pictai,
1012 693 1123 776 quibus
1144 694 1285 776 Virgilius
1297 695 1342 759 di·
1398 693 1501 771 docet,
1517 698 1688 756 constater
1709 692 1841 756 dimetro
1865 691 2006 770 iarrrbioo,
2021 697 2053 754 et
2073 691 2227 772 pcntbenri-

495 789 587 851 versis
598 789 672 853 locis
687 789 1120 872 utitur,nontiuntagcnitiuis
1133 813 1227 873 curru,
1242 813 1339 876 aquo,
1398 791 1474 854 rncri
1493 790 1628 868 heroice,
1643 788 1704 853 boc
1716 795 1773 866 est,
1790 787 1920 852 orobos
1934 789 2061 872 dactylis
2075 793 2106 851 et
2119 787 2225 869 syllaba,

495 887 583 964 aulo,
602 888 712 970 pr'ctoe:
725 893 805 952 esset
826 888 908 952 eninr
928 888 1075 968 ultimae,
1091 908 1153 955 non
1174 893 1188 952 i
1191 911 1205 968 ;
1225 891 1278 954 sed
1301 891 1340 954 nb
1398 888 1481 971 quod
1501 906 1539 951 cx
1562 886 1678 950 caeteris
1700 885 1840 968 ejusdem
1864 886 1932 950 odae
1952 885 2042 949 focile
2055 885 2225 964 intelligitur.

494 985 593 1058 acroi,
615 985 713 1068 aquai,
742 985 836 1064 ouini,
860 987 954 1068 pictai
979 986 1164 1070 dissyllabis;
1192 989 1235 1052 sie
1257 989 1340 1052 eninr
1396 987 1478 1064 lum,
1504 991 1579 1049 teste
1606 984 1732 1064 Scauro,
1757 985 1840 1066 apud
1860 984 2003 1048 Plautum
2025 982 2057 1045 in
2080 982 2224 1059 Pseudolo,

495 1083 584 1164 prisci
597 1101 685 1147 casus
700 1083 907 1164 interrogandi
922 1084 1075 1167 dandique
1090 1086 1194 1167 prirnae
1207 1087 1341 1152 declina·
1397 1091 1457 1149 oct.
1473 1083 1500 1163 l,
1513 1103 1558 1147 so.
1583 1089 1614 1160 1,
1636 1102 1665 1148 v.
1688 1085 1759 1162 116,
1782 1082 1980 1164 dissyllabum
2002 1082 2138 1163 legitur:
2157 1080 2226 1144 lluuc

494 1179 583 1243 tionis
596 1180 768 1244 scribebant
782 1199 837 1263 per
859 1182 900 1261 oi,
917 1200 1003 1245 more
1019 1183 1206 1264 Graeoorum,
1222 1203 1286 1250 non
1300 1207 1338 1264 or,
1397 1187 1468 1247 irim.
1489 1184 1599 1258 ulam,
1623 1183 1734 1265 inquit,
1757 1181 1858 1246 diuisit
1870 1184 1902 1244 in
1924 1181 2001 1245 duas
2012 1180 2143 1264 syllebes
2154 1181 2225 1244 rnetri

496 1279 1338 1362 ntpostsoripseruntposteri.legeQuintilienunr,l.l,
1397 1300 1500 1346 causo.
1528 1303 1544 1340 n
1572 1281 1652 1362 Lege
1683 1279 1850 1360 Rufinum,
1881 1281 1921 1343 de
1956 1279 2056 1344 lletris
2099 1279 2223 1356 comicis,

494 1395 523 1440 c.
534 1380 564 1454 'l,
581 1380 629 1441 18.
644 1378 771 1441 Carmen
785 1377 911 1454 Horatii,
922 1385 955 1442 ut
963 1378 1145 1457 Priscianus,
1156 1380 1181 1443 b
1191 1380 1214 1458 l,
1226 1384 1339 1464 pllio,
1396 1399 1429 1463 p.
1445 1383 1536 1442 1711.

1229 1725 1509 1820 STSTOLE

548 1990 640 2071 538.
670 1990 811 2093 systole
828 1999 884 2070 est
899 2015 989 2071 curn
1008 1989 1156 2095 syllaba
1176 1997 1315 2069 nature
1332 1990 1450 2096 longo
1463 1988 1682 2095 corripitur.
1703 1988 1903 2096 Virgilius,
1926 1993 2018 2070 AEn.
2035 1992 2065 2089 l,
2083 2019 2118 2070 v.
2134 1990 2221 2070 535:

889 2175 966 2239 Cum
977 2175 1078 2240 subito
1092 2194 1253 2257 nourgens
1267 2175 1378 2239 lluctus
1391 2175 1549 2240 nimbosus
1564 2175 1666 2239 Orion.

495 2338 614 2436 idem,
633 2339 724 2417 AEn.
742 2338 807 2437 Vl,
827 2363 863 2415 ν.
883 2337 958 2416 817
979 2369 988 2416 :

890 2523 1065 2589 literalem
1080 2523 1203 2608 peribus
1216 2542 1292 2606 quius
1305 2524 1425 2606 sulptre
1437 2523 1535 2588 cernis
1546 2523 1577 2586 in
1592 2522 1694 2586 ermis.

495 2686 614 2786 idem,
633 2687 723 2767 AEn.
740 2687 840 2784 Vlll‚
859 2712 895 2767 v.
914 2684 990 2765 676
1011 2716 1019 2764 :

972 2916 1113 2937 .....
1135 2871 1311 2954 Totumque
1324 2870 1473 2934 instructo
1484 2870 1579 2934 llurte
1593 2871 1710 2935 videres

890 2969 1023 3035 Ferutre
1035 2969 1198 3046 Leucaten,
1214 2987 1350 3050 auroque
1364 2968 1504 3050 effclptre
1516 2967 1639 3034 tinctus.

496 3131 626 3230 Silius,
646 3132 671 3210 l.
690 3132 789 3228 Vlll,
806 3157 843 3210 v.
862 3129 933 3210 631
958 3163 966 3211 :

893 3318 1078 3384 Terruerunt
1091 3317 1215 3400 pavidos
1228 3334 1356 3381 accenso
1369 3316 1518 3381 Cerennio
1531 3323 1651 3382 nantes.

499 3485 577 3560 Aut
599 3478 788 3587 positione
810 3480 938 3588 longo,
960 3482 1024 3561 sed
1046 3479 1167 3561 altero
1188 3487 1425 3561 consonante
1443 3481 1597 3582 extrito,
1621 3490 1662 3561 ul
1682 3483 1794 3561 olr'rr‘c
1815 3509 1883 3589 pro
1904 3485 2049 3587 objicis,
2064 3486 2228 3590 ubr'er'pro

497 3607 628 3711 objici.
648 3610 841 3707 Lucanus,
858 3608 991 3688 Phers.
1009 3607 1108 3707 Vlll,
1125 3635 1163 3686 v.
1182 3607 1283 3687 796:

891 3791 952 3858 Cur
963 3793 1050 3856 obteri
1064 3792 1174 3876 llogno
1186 3794 1355 3871 tumulum,
1367 3811 1535 3876 monesque
1550 3800 1710 3876 regentes?

497 3955 668 4054 Ovidius,
684 3956 791 4038 Ponl.
810 3957 856 4054 ll,
874 3981 937 4062 ep.
957 3956 995 4056 3,
1011 3983 1047 4035 v.
1067 3956 1117 4037 37
1138 3989 1145 4037 :

892 4143 992 4227 Turpe
1004 4149 1094 4226 putus
1108 4144 1193 4223 ibici,
1208 4145 1280 4227 quia
1292 4143 1331 4208 sit
1344 4143 1534 4208 miserendus
1547 4144 1680 4207 amicum
1694 4144 1748 4225 (1).

540 4363 630 4429 Orion
650 4383 668 4432 u
683 4362 795 4428 Graecis
807 4383 861 4448 por
874 4388 897 4426 o
911 4367 1050 4430 scribitur
1069 4363 1179 4449 Ὠρίων.
1196 4368 1340 4449 Fulpere,
1398 4366 1480 4448 opud
1494 4371 1613 4431 veteres
1626 4365 1741 4430 lectunr
1753 4365 1802 4428 sit.
1815 4366 1981 4428 Συστὲλλειν
1994 4365 2141 4448 corripere
2150 4361 2231 4443 signi·

496 4462 685 4546 effulpereoit
696 4461 826 4540 Probus,
840 4482 871 4546 p.
888 4466 977 4540 1413,
988 4463 1212 4546 bucspootere3
1227 4466 1342 4547 sonere
1397 4464 1482 4543 ticet,
1499 4464 1581 4529 uude
1595 4465 1714 4550 systole.

497 4580 568 4626 voro
579 4568 683 4646 neget,
696 4560 779 4643 quod
791 4563 886 4644 seruo,
901 4563 995 4644 seruis
1006 4563 1102 4627 tertiae
1121 4563 1342 4645 coniunctionis

1398 4731 1610 4785 edixiulleiusius
1625 4731 1729 4797 «11191
1742 4731 1909 4784 senbeudum
1922 4734 1962 4784 uel
1976 4739 2065 4785 ooutn
2079 4731 2153 4783 tidem
2163 4741 2231 4780 orere

530 4815 565 4880 (l)
581 4813 704 4866 scribunt
717 4826 804 4866 nunc:
821 4830 835 4862 u
852 4814 938 4880 Turpe
952 4821 1027 4878 putes
1040 4813 1114 4880 obipi
1117 4850 1165 4878 .....
1177 4819 1340 4880 »postquem
1398 4813 1547 4864 bronurunr.
1556 4829 1570 4862 n
1580 4812 1701 4865 Teubner
1710 4819 1807 4878 nutem,
1816 4811 1896 4864 olrici.
