4630 6164
476 517 552 593 366
1130 545 1367 598 cousraucrro
1387 547 1567 598 aovsnuu.

473 676 598 773 Fam,
623 676 650 753 Ι.
676 677 727 774 ΙΙ,
753 702 814 781 ep.
843 675 888 774 7,
915 678 929 753 l
965 708 974 753 :
1003 709 1023 750 «
1048 679 1171 757 Nemo
1191 686 1248 757 est
1272 678 1338 782 qui
1364 679 1434 759 tibi
1454 685 1667 784 sapientius
1691 683 1854 764 suadere
1879 687 1996 790 possit
2018 700 2054 767 te
2078 694 2204 792 apso.»

472 797 688 896 Terentius,
706 801 844 904 Hecyr.
862 807 937 878 aot.
956 800 1018 898 ΙΙΙ,
1034 827 1088 880 so.
1105 802 1144 899 l,
1162 829 1200 879 v.
1218 802 1289 880 tat
1314 833 1321 881 :

870 959 941 1023 Dies
951 960 1087 1041 triginta,
1100 967 1155 1023 aut
1166 963 1234 1042 pho
1245 981 1289 1040 eo,
1305 963 1336 1024 in
1350 963 1419 1025 navi
1433 961 1493 1026 lui.

473 1113 591 1208 ldem,
610 1115 748 1192 lleaut.
767 1121 842 1192 ael.
860 1117 890 1208 Ι,
909 1140 961 1193 so.
984 1116 1020 1211 Ι,
1036 1141 1073 1192 v.
1091 1115 1142 1193 62
1165 1146 1173 1192 :

1030 1315 1172 1335 .....
1194 1273 1300 1334 Annos
1313 1273 1468 1352 sexaginta
1479 1279 1567 1336 natus
1578 1293 1611 1336 es

866 1371 929 1431 Aut
937 1370 1005 1448 ptus
1015 1389 1047 1432 eo
1061 1373 1115 1448 (Ι),
1131 1376 1165 1432 ut
1173 1371 1316 1448 conjicio.

469 1518 629 1618 Plinius,
653 1521 681 1598 Ι.
707 1522 792 1619 XV,
813 1546 848 1600 o.
874 1521 939 1618 30,
964 1522 986 1599 2
1011 1552 1019 1599 :
1050 1554 1071 1594 «
1090 1523 1219 1600 illinus
1239 1529 1500 1630 quinquennio
1525 1535 1592 1620 est,
1620 1527 1720 1631 quod
1746 1528 1945 1632 prodiere,
1977 1557 2063 1633 quae
2087 1542 2203 1612 vocant

470 1645 600 1723 laurea
614 1670 693 1723 non
709 1644 869 1752 ingratae
886 1646 1152 1726 amaritudinis
1169 1647 1240 1755 (2).
1258 1681 1278 1722 »

507 1875 595 1954 Plus,
612 1876 752 1956 amptius,
770 1875 878 1951 minus,
892 1875 985 1937 modo
1002 1875 1166 1938 ablativum
1183 1877 1316 1954 habent,
1377 1879 1586 1944 desiderati.»
1610 1883 1706 1963 ldem,
1737 1887 1823 1964 ibid,
1854 1889 1875 1949 l.
1900 1889 1936 1966 V,
1966 1911 1994 1951 r.
2021 1892 2040 1952 8
2069 1915 2075 1952 :
2102 1891 2207 1953 «Naves

469 1979 502 2035 ut
517 1973 630 2034 docent
641 1971 731 2052 allata
748 1972 904 2053 exempla3
922 1972 1014 2036 modo
1028 1974 1092 2036 sine
1106 1993 1178 2036 casu
1192 1994 1319 2055 ponun-
1377 1980 1502 2059 amptius
1529 1982 1701 2060 oetiaqentoe
1730 2003 1791 2048 uno
1817 1991 1903 2048 erant
1931 1989 2001 2050 visae
2032 1997 2203 2069 tempores

466 2079 526 2146 tur,
550 2069 605 2131 sed
624 2070 806 2132 subauditur
822 2071 995 2149 conjunctio
1018 2091 1116 2153 quam,
1136 2071 1316 2151 Terentius,
1378 2076 1454 2139 lllud
1487 2077 1579 2155 Livii,
1602 2081 1624 2143 Ι.
1648 2081 1696 2156 X,
1718 2102 1747 2146 o.
1771 2088 1810 2147 38
1834 2103 1843 2145 :
1870 2084 2003 2148 «Panlo
2025 2086 2095 2166 ptus
2119 2087 2207 2166 olqv'rti

468 2167 598 2247 Adelph.
614 2174 672 2229 aot.
686 2167 725 2244 ΙΙ,
739 2187 783 2231 sc.
796 2173 826 2246 2,
837 2187 865 2229 v.
881 2170 941 2230 200
961 2187 970 2230 ε
1110 2252 1116 2272 ⁸
1377 2175 1506 2236 millium
1527 2177 1604 2239 alius
1621 2180 1776 2242 exercitus
1791 2181 1859 2258 tuit,
1876 2205 1890 2240 u
1908 2201 1944 2244 aa
1963 2182 2063 2245 lorma
2083 2183 2205 2265 loquendi

1377 2273 1494 2335 videtur
1502 2273 1619 2337 dietum
1631 2296 1709 2350 esse,
1721 2297 1781 2359 qua
1792 2279 1869 2340 illud
1880 2280 2032 2359 ejusdem,
2044 2281 2066 2342 Ι.
2074 2279 2208 2355 ΙΙΙΙΙΙΙἸΙ,

1376 2390 1404 2432 e.
1421 2374 1480 2434 23:
1500 2394 1516 2432 r
1536 2373 1630 2454 Regia
1651 2376 1753 2437 classis
1773 2385 1895 2457 septem
1914 2384 1946 2440 el
1964 2379 2087 2458 triginta
2102 2379 2205 2458 majoris

466 2473 575 2552 Caesar,
596 2472 680 2535 Bello
698 2472 789 2550 Gall,
804 2474 826 2536 Ι.
848 2473 899 2552 tv,
920 2493 948 2536 o.
969 2477 1030 2537 ta:
1052 2476 1155 2538 «Cum
1174 2476 1229 2557 ipsi
1245 2494 1308 2539 non
1376 2470 1481 2533 lormae
1503 2472 1627 2534 navium
1646 2481 1721 2536 erat.
1742 2497 1757 2532 a
1779 2474 1874 2552 lbid.,
1902 2495 1932 2537 e.
1957 2478 1997 2537 30
2020 2496 2029 2539 :
2051 2500 2067 2536 u
2087 2477 2203 2540 llostium

466 2571 590 2652 amptius
620 2571 811 2651 octingentos
844 2573 952 2652 equites
982 2571 1139 2635 baberent.
1161 2596 1176 2631 r
1202 2573 1315 2650 ldem,
1376 2568 1478 2630 classis
1495 2569 1744 2649 undenonaginta
1764 2572 1888 2634 navium
1906 2571 2015 2634 tuit.»
2047 2573 2140 2646 Quare
2157 2591 2206 2635 uon

467 2665 549 2732 Bello
565 2668 637 2747 siu,
656 2667 678 2730 Ι.
698 2667 755 2744 ΙΙΙ,
772 2687 800 2732 e.
816 2671 856 2730 99
871 2686 880 2731 :
902 2691 917 2728 u
934 2668 968 2731 ln
988 2687 1026 2732 eo
1040 2671 1143 2750 praelio
1158 2689 1220 2733 non
1240 2690 1289 2733 om
1305 2706 1318 2719 -
1375 2665 1463 2728 video
1476 2685 1531 2729 our
1544 2667 1692 2730 ablativus
1705 2687 1838 2732 numero
1853 2670 2084 2733 subaudiendus
2097 2671 2142 2733 sit.

462 2765 541 2846 plius
566 2766 718 2829 ducentos
739 2767 845 2828 milites
871 2767 1062 2829 desideravit.
1088 2788 1103 2825 a
1134 2767 1199 2830 Neo
1227 2769 1309 2830 enim
1415 2763 1492 2826 Cum
1512 2764 1650 2842 ejusdem
1673 2765 1823 2827 adverbiis
1840 2768 2019 2846 junguntur
2039 2767 2206 2830 aecusativus

463 2864 625 2927 accusandi
644 2882 733 2926 casus
750 2865 788 2926 ab
804 2864 955 2927 adverbiis
967 2870 1126 2944 reguntur,
1140 2867 1194 2928 sed
1211 2885 1315 2928 aver·
1375 2879 1411 2923 ae
1419 2861 1566 2925 ablativus
1579 2881 1679 2941 casus,
1695 2882 1868 2926 mensuram
1884 2865 2107 2944 significantes,
2119 2881 2204 2944 neque

464 2962 508 3022 bis
532 2962 674 3043 infregit,
700 2960 854 3040 baberent,
879 2961 1072 3026 desiderauit.
1097 2964 1247 3025 Videntur
1278 2968 1309 3025 et
1375 2961 1414 3023 ab
1433 2960 1503 3042 ipsis
1520 2969 1678 3040 reguntur,
1693 2962 1747 3024 sed
1764 2981 1853 3025 casus
1873 2968 1944 3025 sunt
1962 2981 2149 3026 communes.
2163 2960 2205 3020 lli·

465 3059 641 3122 nominandi
663 3078 751 3122 cesus
767 3079 838 3122 euru
852 3059 899 3123 his
915 3060 1066 3123 adverbiis
1080 3061 1181 3140 jungi,
1203 3079 1275 3124 oum
1299 3079 1318 3122 a
1374 3059 1501 3132 truvius,
1517 3059 1541 3122 l.
1555 3059 1622 3135 Vll,
1640 3077 1668 3121 o.
1683 3064 1702 3121 i
1719 3077 1727 3120 :
1748 3059 1819 3123 ulta
1834 3062 1978 3142 apariete
1992 3061 2039 3123 hae
2052 3061 2167 3134 distent,
2179 3065 2206 3119 ut

466 3157 563 3219 verbis
579 3156 743 3239 pendeant.
759 3157 868 3236 Caesar,
886 3157 971 3222 Bello
985 3158 1065 3222 Gall.
1070 3205 1081 3236 ,
1094 3159 1114 3220 l.
1129 3158 1194 3235 Vll,
1209 3177 1238 3221 o.
1256 3162 1290 3220 ot
1305 3175 1315 3221 t
1375 3176 1413 3220 ne
1424 3160 1493 3238 plus
1507 3165 1629 3238 pateant
1633 3159 1805 3239 palmum.»
1824 3158 1948 3234 ldem‚l.
1960 3158 2027 3234 Vll,
2041 3178 2068 3221 e.
2082 3161 2118 3220 3:
2137 3155 2200 3218 ulle

471 3253 551 3318 ullo
576 3254 626 3318 die
653 3257 761 3319 milites
790 3264 862 3320 sunt
884 3259 977 3339 paulo
1006 3259 1103 3319 minus
1138 3259 1320 3338 septingenti
1372 3258 1439 3335 plus
1451 3256 1540 3319 binos
1550 3255 1636 3337 pedes
1651 3256 1806 3319 distent.»
1823 3255 1933 3332 livius,
1946 3256 2085 3333 l.XXXl,
2099 3273 2127 3317 o.
2140 3255 2174 3315 35
2196 3275 2202 3314 :

1378 3376 1394 3412 u
1415 3352 1527 3416 Aberat
1544 3353 1625 3415 acies
1636 3370 1744 3416 eorum
1761 3353 1854 3434 paulo
1866 3353 1937 3434 ptus
1954 3353 2132 3434 quingentos
2143 3367 2204 3431 prs-

1374 3470 1432 3513 sus.
1451 3473 1465 3509 a
1487 3450 1584 3527 ldem,
1601 3450 1624 3514 Ι.
1642 3449 1726 3528 ΙΙΙΙΙ,
1747 3469 1776 3512 o.
1797 3454 1834 3512 dl
1857 3450 1994 3514 :altaro
2015 3467 2141 3531 unquam
2162 3446 2205 3508 nis

499 3522 533 3584 (Ι)
551 3524 664 3587 Bentley,
685 3523 800 3575 Lemaire
819 3537 870 3575 nou
893 3524 990 3574 babent
1013 3537 1062 3584 eo;
1085 3524 1183 3574 babent
1211 3523 1319 3574 liobert.
1413 3549 1418 3561 ·
1553 3556 1565 3610 t
1768 3549 1842 3610 m.
1907 3547 1929 3609 ,ι
2002 3548 2092 3610 Caesar
2131 3543 2204 3606 Bello

467 3603 600 3664 stephan,
613 3603 706 3654 camus
718 3605 745 3654 tn
759 3617 833 3654 usum
847 3605 948 3668 llelpb.‚
962 3603 1100 3654 Teubner.
1375 3567 1469 3610 mmm
1492 3567 1551 3631 ‘1¹¹³
1567 3567 1624 3610 ΠΟΥ
1641 3547 1768 3628 Pedem
1832 3565 1979 3626 ΜΗ
2092 3593 2102 3622 r

499 3681 533 3745 (l)
552 3681 698 3747 „gemm
715 3683 831 3736 mpure
846 3684 1005 3734 Meum„
1024 3697 1032 3734 :
1049 3682 1138 3734 mm,
1163 3681 1320 3748 mm,
1377 3648 1469 3727 Gall.,
1483 3648 1505 3710 l.
1520 3647 1576 3721 Vl,
1590 3666 1619 3708 e.
1634 3648 1673 3708 29
1689 3663 1697 3707 z
1714 3669 1730 3706 u
1752 3645 1887 3708 Millibus
1905 3647 2031 3727 amplius
2047 3640 2207 3726 quingentis

469 3762 553 3812 etum.
1377 3745 1406 3806 in
1421 3744 1645 3825 longitudinem
1659 3748 1783 3824 patet.»

529 2329 630 2380 llomiui
642 2329 736 2380 misero
747 2328 809 2393 plus
821 2329 976 2394 quingentos
989 2329 1112 2396 eolupbos
1125 2331 1236 2396 infregit.

1124 4111 1403 4190 adventata
1443 4111 1565 4191 Loci

524 4345 613 4421 399.
645 4344 837 4425 Adverbia
848 4345 986 4450 quibus
1000 4344 1281 4451 interrogamus
1292 4351 1381 4422 sunt
1393 4343 1497 4422 haeo:
1517 4344 1592 4442 ubi,
1610 4345 1726 4443 unde,
1743 4371 1829 4450 quo,
1848 4369 2031 4449 quorsum
2049 4405 2056 4420 .

1057 4658 1161 4744 uto,
1196 4657 1340 4737 tsrm,
1374 4656 1522 4743 teuto,
1555 4665 1616 4722 uc.

525 4827 583 4905 Ad
599 4824 941 4934 interrogationem
961 4827 1041 4924 Um,
1059 4823 1275 4903 redduntur
1287 4823 1367 4902 baeo
1386 4853 1394 4900 :
1411 4823 1487 4915 bie,
1505 4824 1602 4918 istie,
1618 4821 1712 4919 illie,
1727 4821 1792 4918 tbi,
1807 4819 1914 4917 inibi,
1930 4818 2081 4915 ibidem,
2097 4815 2192 4910 elibi,

469 4953 618 5051 ulesubi,
636 4953 787 5058 ubique,
803 4952 1013 5055 utrobique,
1032 4951 1198 5046 ubilibet,
1218 4949 1352 5046 ubiuis,
1374 4949 1615 5052 ubicumque,
1631 4951 1792 5051 passim,
1812 4947 1941 5050 oulqo,
1961 4950 2074 5044 rietus,
2093 4945 2194 5046 sore,

471 5102 674 5182 nusquam,
698 5078 824 5179 louqe,
846 5101 1023 5180 pereqre.
1039 5077 1204 5154 -ltem
1226 5099 1359 5178 supra,
1384 5073 1527 5164 subter,
1553 5076 1681 5173 iissre,
1708 5083 1814 5170 urite,
1836 5083 1939 5175 post,
1966 5082 2094 5166 estre,
2118 5090 2196 5148 eum

473 5199 779 5279 fiuntadverbia.
2134 5203 2137 5212 ’

526 5323 1259 5428 Cicero,Farn.,l.Vl,ep.l,l:«Nemo
1271 5321 1448 5426 est,quin
1461 5321 1592 5419 ubebis,
1603 5345 1719 5426 quam
1734 5319 1863 5398 a‘biubi
1875 5328 1946 5416 est,
1958 5345 2042 5402 esse
2053 5317 2195 5399 malit.»
