4646 6164
457 553 535 636 too
1054 579 1099 633 na
1120 578 1293 632 rraoasrs
1313 579 1613 635 covsraucrroua.

457 713 601 794 tionem
612 716 653 792 in
666 713 764 794 duae
777 713 940 794 decisam
953 722 1186 818 essepartes.
1201 743 1223 786 >s
1237 711 1286 790 In
1301 713 1399 791 duas
1408 724 1544 817 partes
1558 715 1720 793 austum
1736 739 1815 795 csse
1826 712 1991 820 simplex
2007 723 2091 795 erat
2106 715 2214 810 ordo,

455 839 520 921 sed
531 837 650 920 durus
661 846 702 918 et
716 837 950 943 incomptus.

1056 1111 1255 1165 HYPERBb'l'l
1276 1111 1429 1172 talouor
1449 1109 1603 1164 tractas·

506 1309 718 1416 Hyperbati
746 1305 826 1390 sive
855 1303 1169 1416 transgressionis
1194 1303 1341 1410 aliquot
1367 1312 1458 1384 sunt
1485 1304 1646 1412 species.
1677 1307 1920 1414 Anustroplc
1952 1313 2013 1389 est
2045 1310 2212 1390 duorum

452 1433 659 1514 verborum
674 1433 768 1515 ordo
783 1438 1053 1541 preposterus,
1071 1436 1114 1510 ut
1128 1455 1295 1528 mecum,
1314 1455 1459 1528 secum,
1480 1440 1622 1532 tecum,
1641 1432 1851 1533 uobbcum,
1872 1433 2009 1538 444444
2022 1435 2069 1515 dc
2081 1436 2209 1515 rebus.

452 1560 697 1664 Anastrophe
719 1559 787 1640 illa
811 1591 820 1639 :
848 1559 986 1639 Urbem
1008 1582 1124 1663 quum
1142 1567 1269 1635 statuo
1290 1565 1420 1635 uestro
1440 1566 1513 1656 est,·
1535 1555 1769 1637 Eunuchum
1790 1584 1905 1663 quem
1925 1559 2069 1640 dedisti
2086 1560 2212 1662 nobiv;

453 1681 552 1774 Quas
566 1683 698 1763 turbas
713 1684 832 1780 dedet,
849 1708 920 1788 pro
938 1713 946 1763 :
966 1681 1234 1775 044444νό444
1246 1691 1394 1780 statuo,-
1410 1678 1528 1772 04444
1547 1683 1765 1762 eunuchum
1777 1683 2051 1783 dedestinodic,
2069 1684 2213 1766 admo-

450 1804 545 1887 dum
560 1806 655 1886 dura
670 1814 741 1888 est.

505 1929 649 2011 Turesis
676 1938 734 2012 est
761 1956 852 2012 cum
880 1929 1045 2012 verbum
1075 1927 1332 2035 compositum
1361 1927 1570 2028 dividitur,
1601 1927 1734 2036 aliqua
1765 1928 1936 2012 dictione
1967 1931 2207 2037 interposita.

451 2055 598 2154 Cicero,
616 2060 718 2158 Att,
736 2057 764 2136 l.
779 2057 828 2156 V,
846 2081 910 2162 ep.
931 2054 996 2154 l0,
1011 2054 1036 2133 4
1054 2082 1063 2133 :
1087 2083 1109 2126 «
1121 2053 1204 2134 Per
1216 2052 1312 2134 mihi
1325 2065 1481 2160 pratum
1494 2051 1582 2153 erit,
1600 2051 1631 2133 si
1646 2053 1685 2133 id
1699 2054 1846 2135 curaris
1861 2054 1909 2136 ad
1924 2081 1988 2137 me
2003 2056 2211 2162 perferen·

450 2181 558 2262 dum.
581 2214 602 2256 a
628 2183 754 2283 ldem,
780 2183 829 2263 de
850 2183 1025 2277 Senect.,
1048 2206 1084 2261 c.
1112 2181 1153 2279 4,
1179 2179 1255 2260 lt:
1283 2175 1463 2259 «Omnia
1484 2176 1673 2259 memoria
1695 2177 1873 2278 tenebat,
1896 2207 1974 2260 nou
1998 2178 2210 2262 domestica

449 2308 585 2407 solum,
609 2306 674 2388 sed
695 2305 814 2388 etiam
836 2313 997 2388 externa
1017 2304 1136 2386 bella.
1154 2336 1175 2380 »
1194 2301 1379 2410 Ejusdem
1399 2301 1553 2411 generis
1570 2310 1661 2382 sunt
1676 2302 1745 2383 illa
1766 2333 1775 2382 ε
1794 2303 1890 2384 liam
1904 2330 1994 2386 vero
2008 2306 2211 2412 publicam

450 2432 604 2538 penitus
617 2432 831 2514 amisimus.
850 2433 1082 2514 Praeclarum
1095 2438 1153 2512 est
1167 2453 1236 2536 pro
1251 2425 1376 2534 patria
1391 2425 1521 2532 Reque
1531 2427 1688 2532 publicu
1700 2435 1864 2508 mortem
1878 2437 2078 2535 oppetere.

502 2557 749 2638 Puccntbcsa's
768 2567 824 2639 est
838 2557 962 2640 brevis
976 2567 1112 2639 sensus
1127 2552 1309 2652 sermoni,
1325 2557 1539 2657 antequam
1556 2551 1790 2651 absolvatur,
1804 2551 2044 2658 interjectus.
2059 2553 2206 2654 Cicero,

449 2680 492 2761 in
515 2681 566 2760 M.
593 2685 759 2783 Antan,
786 2681 887 2763 Phil.
915 2683 979 2777 lll,
1005 2708 1041 2763 c.
1072 2682 1136 2782 ll,
1165 2678 1214 2761 27
1237 2709 1246 2757 ε
1270 2675 1340 2755 «0
1365 2675 1592 2784 praeclarum
1619 2675 1818 2756 custodem
1843 2675 1973 2756 ovium
2000 2677 2061 2786 (ut
2081 2677 2207 2786 nsum)

450 2804 600 2911 lupum.
631 2838 652 2882 »
676 2805 823 2907 Livius,
858 2806 887 2887 l.
925 2807 1046 2906 XXll,
1085 2831 1121 2886 c.
1161 2805 1210 2883 44
1238 2833 1247 2881 :
1276 2831 1298 2874 4
1320 2800 1492 2880 Tantum
1519 2797 1639 2908 (prob
1674 2798 1830 2908 dolori)
1864 2800 2151 2909 degeneramus
2187 2828 2209 2882 a

451 2929 678 3035 parentibus
691 2930 834 3012 nostris
855 2927 927 3038 (l).
951 2962 973 3006 4

488 3115 533 3178 lle
556 3113 636 3179 vitiis
662 3114 800 3179 obscura
826 3113 974 3179 orationis
999 3112 1064 3196 agit
1099 3111 1303 3188 Quintilianus
1360 3106 1443 3172 euim
1454 3107 1578 3171 auditur
1590 3108 1719 3173 verbum
1732 3111 1860 3192 cupit.»
1878 3111 1972 3191 thid,
1984 3114 2038 3190 bb,
2050 3111 2214 3196 quidinter

451 3211 676 3292 1.v1u,a.s;
700 3212 879 3290 Diomedes,
891 3212 914 3275 l.
931 3211 968 3291 ll,
981 3229 1013 3293 p.
1038 3213 1111 3288 444,
1136 3211 1168 3274 44
1192 3209 1303 3294 quibus
1361 3203 1578 3287 synecdochen
1599 3213 1632 3271 et
1651 3209 1856 3291 aposiopesim
1879 3210 2000 3274 intersit
2023 3209 2213 3294 ψει-44444444

451 3315 612 3373 enumerat
634 3311 839 3391 tautolopiam,
854 3309 1076 3390 macrolopiarn,
1101 3308 1303 3391 pleonasmus,
1360 3301 1463 3366 docet.
1479 3304 1612 3383 llstuavv,
1627 3306 1756 3384 meosin,
1771 3306 1892 3370 videtur
1912 3307 2084 3390 appellasse
2096 3306 2214 3381 Quinti-

451 3425 521 3489 quae
536 3408 684 3470 inornatae
706 3407 850 3471 orationis
862 3413 936 3470 erant
948 3406 1031 3486 vitis,
1044 3413 1080 3470 ut
1101 3404 1303 3479 Quintilianus
1358 3399 1471 3481 lienus,
1492 3402 1515 3465 l.
1537 3401 1616 3480 Vlll,
1633 3421 1662 3468 c.
1683 3406 1714 3482 6,
1731 3406 1783 3483 st,
1808 3407 1927 3486 eclipsin
1942 3425 1955 3466 .·
1973 3406 2146 3485 aQuidsm,
2168 3405 2214 3468 in-

452 3503 563 3567 eodem
575 3503 663 3581 libro,
677 3523 706 3568 o.
720 3506 750 3584 3,
767 3507 818 3584 440,
833 3506 883 3582 53,
899 3504 1000 3569 docet.
1013 3504 1148 3586 Eclipsin
1162 3509 1303 3566 numerat
1359 3498 1440 3580 quit,
1454 3499 1621 3582 συνειδοχὴν
1633 3507 1756 3579 vocant,
1767 3521 1839 3566 cum
1849 3509 1880 3567 et
1892 3503 1924 3565 in
1935 3509 2087 3567 contextu
2098 3521 2215 3567 sumo-

451 3597 532 3661 idem
546 3597 712 3662 Diomedes
725 3597 920 3662 intercedam
935 3597 1019 3677 vitia,
1030 3616 1103 3662 cum
1116 3597 1159 3660 ait
1169 3614 1236 3660 esse
1249 3596 1303 3660 de·
1359 3595 1406 3658 nis
1412 3596 1497 3678 quod
1510 3603 1638 3676 4444444,
1647 3598 1827 3681 accipimus.
1838 3599 1974 3663 Verbum
1982 3600 2065 3664 enim
2073 3619 2111 3665 ex
2120 3600 2214 3664 verbo

451 3693 567 3758 lectum
580 3694 926 3772 neeessariaedictionis,
939 3701 994 3758 ut:
1360 3693 1551 3776 intelligitur,
1578 3697 1664 3779 quod
1687 3697 1767 3760 inter
1794 3699 1866 3761 vitia
1894 3700 2009 3781 eclipsis
2034 3705 2176 3764 vocatur.
2195 3719 2210 3756 s

514 3835 822 3902 mmmmm
841 3836 1072 3903 mimum,
1361 3790 1459 3871 Idem,
1474 3794 1496 3855 l.
1518 3792 1543 3872 1,
1559 3812 1587 3857 c.
1611 3796 1642 3874 5,
1666 3794 1719 3858 ubi
1740 3795 1779 3858 de
1801 3796 1900 3859 tribus
1922 3796 2031 3860 formis
2052 3796 2216 3861 wtoeusmi

513 3916 626 3968 mm,
824 3875 832 3902 ’
1360 3892 1435 3973 egit,
1447 3891 1620 3973 adjectione,
1635 3890 1827 3974 detractione,
1837 3895 2099 3969 transmutatione,
2111 3894 2217 3976 subje-

1361 3989 1414 4068 cit,
1429 3993 1490 4054 ld:
1515 3989 1613 4052 allaec
1626 3990 1683 4053 tria
1696 4009 1810 4072 genera
1823 3990 1949 4074 quidam
1969 3991 2154 4056 diducunta
2168 4011 2217 4056 so

1361 4088 1508 4164 loecismo‚
1520 4094 1553 4152 et
1563 4088 1744 4169 adjectionis
1756 4089 1876 4168 vitium,
1896 4091 2093 4168 ntsavaaptv,
2109 4091 2215 4155 detra·

1360 4185 1481 4263 ationis,
1504 4186 1648 4267 ἔλλειψιν;
1677 4187 1866 4266 inversionis,
1888 4187 2060 4272 ἀναστροφὴν
2086 4197 2216 4270 444444,

1361 4303 1431 4367 quae
1445 4286 1470 4348 si
1485 4283 1664 4366 inspeciem
1674 4285 1967 4367 soloecismicadant,
1979 4287 2218 4370 444ρό444444-

1362 4399 1422 4465 qne
1437 4383 1585 4465 appellari
1600 4383 1712 4447 eodem
1726 4384 1819 4448 modo
1834 4403 1938 4467 posse.
1955 4407 1971 4444 s
1989 4385 2064 4449 llaee
2076 4385 2142 4448 ille.
2159 4384 2218 4450 lta·

1361 4500 1423 4564 que
1436 4481 1563 4547 luerunt
1575 4483 1629 4565 qui
1646 4483 1808 4548 crederent
1820 4491 1955 4567 quatuor
1967 4503 2034 4548 esse
2051 4485 2217 4549 soloecini

1362 4581 1491 4662 species,
1501 4580 1638 4663 sliitvero
1648 4582 1854 4646 solecismum
1865 4582 1918 4664 qui
1931 4582 2106 4663 adjectione
2117 4583 2219 4660 lieret,

1359 4680 1549 4761 pleonasmon
1559 4680 1769 4761 appellarunt,
1784 4679 1869 4762 quod
1882 4680 1990 4742 vitium
2004 4688 2052 4743 est
2064 4681 2218 4744 inornatae

1361 4777 1519 4866 orationis,
1535 4785 1569 4840 ut
1583 4795 1656 4840 mox
1669 4777 1823 4854 dicemus;
1838 4777 1891 4860 qui
1909 4778 2112 4855 detractione,
2128 4780 2219 4861 eclip-

1361 4875 1418 4953 sin,
1429 4869 1513 4957 quod
1523 4875 1662 4939 obscurae
1672 4875 1930 4940 orationisvitium
1940 4881 1987 4938 cst
1991 4893 2002 4955 3
2016 4875 2071 4957 qui
2080 4874 2218 4959 denique

1362 4973 1624 5052 transmutatione,
1639 4973 1848 5057 anastrophen,
1863 4973 1967 5051 idest,
1982 4973 2192 5038 inversionem
2207 4991 2216 5036 ε

1362 5070 1415 5152 qui
1437 5070 1469 5132 in
1488 5069 1546 5133 hac
1565 5071 1713 5134 sententia
1734 5069 1858 5134 fuerunt
1880 5070 2004 5134 aiebant
2025 5071 2217 5153 hyperbaton

1362 5166 1473 5231 eodem
1494 5167 1588 5231 modo
1610 5167 1828 5251 appellandum
1853 5187 1919 5232 ease
1947 5168 2172 5246 soloecismum,
2194 5167 2218 5230 si

1362 5264 1604 5329 concederemus
1626 5265 1699 5329 vitia
1716 5285 1785 5348 quta
1806 5266 1990 5348 adjectione,
2014 5266 2218 5341 detractione,

485 5367 522 5432 (a)
539 5369 1116 5440 sacerdotemsacerdotenuassaoa.
1349 5364 1618 5429 ¹transmutatione
1641 5363 1772 5442 tierent,
1802 5365 1920 5448 species
1946 5382 2012 5428 esse
2040 5365 2216 5430 solecismi.

451 4049 545 4114 Deest
570 4049 653 4113 enim
674 4048 847 4132 praepositio
873 4049 913 4112 ad
937 4051 986 4114 vel
1008 4051 1051 4114 in.
1081 4049 1302 4128 Quintilianus,

453 4145 558 4225 tvm,
571 4166 602 4211 c.
613 4149 646 4224 3,
657 4150 707 4224 50,
718 4147 770 4210 nbi
780 4148 907 4211 devitiis
920 4146 1221 4213 inornatseoratiouis
1230 4147 1301 4230 agit,

453 4245 583 4323 μείωσιν,
611 4246 738 4323 mcosin,
761 4247 942 4327 appellata
968 4246 1108 4326 Vitanda,
1138 4245 1248 4329 inquit,
1274 4250 1305 4308 et

454 4341 568 4418 μείωσις
577 4359 650 4404 eum
660 4341 793 4404 sermoni
801 4341 889 4404 deest
895 4342 1010 4424 aliquid
1021 4342 1188 4425 quominus
1196 4342 1305 4424 plenus

453 4438 507 4518 sit3
522 4455 701 4520 quanquam
715 4437 853 4502 obscruae
862 4439 963 4521 potius
973 4458 1067 4522 quam
1079 4441 1226 4503 inomatae
1239 4457 1306 4502 ora-

453 4534 542 4599 tionis
554 4534 663 4598 vitium
674 4540 732 4599 est.
748 4535 810 4599 Sed
823 4537 883 4600 hoe
906 4556 1032 4619 quoque
1045 4556 1117 4601 cum
1131 4557 1150 4600 a
1169 4536 1306 4620 pruden-

453 4631 534 4695 tibus
547 4633 594 4710 ut,
607 4632 734 4696 schema
747 4632 807 4696 diei
820 4634 908 4698 solet.
920 4656 935 4693 4
953 4633 1025 4698 llaec
1039 4635 1101 4698 ille.

492 4727 569 4793 Cum
588 4729 757 4812 prudentes
770 4749 807 4793 ac
819 4731 931 4794 eruditi
944 4730 1109 4814 scriptores
1123 4729 1305 4796 subtrahunt

452 4824 579 4889 verbum
592 4827 719 4910 aliquod
732 4827 877 4907 orationi,
889 4829 973 4912 quod
985 4830 1059 4893 satis
1073 4847 1112 4893 ex
1127 4829 1245 4894 ceteris
1258 4829 1305 4892 in·

452 4923 606 5004 telligitur,
622 4925 747 4989 schema
757 4930 815 5004 est,
826 4927 888 4990 sive
901 4927 998 5009 ligma
1006 4946 1063 5011 per
1070 4927 1304 5006 detractionem,

452 5039 521 5103 quas
540 5021 716 5104 synecdoche
730 5030 867 5103 vocatur,
885 5031 919 5088 ut
936 5025 1019 5088 idem
1041 5024 1244 5100 Quintilianus
1263 5025 1306 5088 ait

451 5118 474 5179 l.
486 5118 540 5198 lx,
552 5138 581 5183 c.
596 5123 627 5196 3,
639 5124 692 5197 58,
703 5126 758 5185 ut:
775 5121 931 5204 «stupere
940 5123 1049 5204 pondu
1065 5123 1195 5192 cruce
1209 5123 1304 5187 Simul
