4654 6168
625 595 701 651 slva
719 599 762 652 DE
783 601 871 653 OCTO
893 595 1060 653 anulinus
1081 599 1278 656 vasalonis.
1750 575 1823 660 i29

107 725 268 788 nisurum
283 726 440 790 literamm
452 728 733 812 manarentque
750 750 822 796 cura
840 751 925 797 exer·
980 735 1172 815 junctionem
1180 735 1374 818 appellarunt
1380 742 1499 819 partem
1510 728 1654 803 orationis
1660 739 1809 822 jungendi
1813 758 1826 817 ;

107 822 166 886 ritis.
184 821 260 886 liam
279 830 313 888 et
334 843 391 909 pro
410 825 553 891 adverbio
573 829 666 904 valet,
684 848 755 892 cum
778 830 923 895 dicimus:
984 833 1052 896 vide
1069 834 1247 912 Varronem,
1265 834 1305 898 de
1322 835 1408 917 ling.
1425 835 1493 915 lat,
1507 836 1529 900 l.
1548 835 1629 916 lllll,
1647 841 1704 916 {03
1723 835 1826 902 Cicero

108 919 184 983 iliter
194 940 246 1003 epo
257 922 413 1006 feriatque
425 931 476 1002 ta,·
488 923 637 1006 significat
649 927 731 994 eninr
741 928 830 992 aliter
838 949 925 1011 qnam
985 931 1015 995 in
1025 931 1160 1011 Oratore,
1176 953 1204 996 a.
1214 935 1265 1012 39,
1279 935 1352 1012 135,
1363 935 1615 1016 conjunctionem
1626 941 1726 1000 vocat.
1738 935 1828 1011 Quod

108 1029 142 1094 tv,
157 1027 241 1083 ata.»
265 1021 398 1094 Quidam
417 1022 537 1086 malunt
557 1025 733 1107 copulantes
753 1027 906 1110 appellare
913 1045 923 1107 3
983 1031 1020 1092 ad
1049 1031 1188 1096 ordinem
1213 1031 1331 1111 attinet,
1353 1034 1514 1116 princpes,
1535 1034 1676 1112 subditas,
1704 1053 1773 1117 que
1796 1040 1829 1096 et

107 1134 150 1180 aas
163 1135 219 1182 non
237 1117 408 1183 admodum
431 1117 664 1187 reformidamus
681 1125 747 1190 haec
764 1125 924 1201 vocabula,
984 1135 1120 1211 praeeunt
1132 1137 1165 1194 et
1176 1131 1310 1196 subeunt
1322 1132 1550 1215 appellavimus,
1563 1152 1639 1216 quas
1652 1132 1826 1210 Diomedes,

107 1234 163 1278 aum
174 1219 214 1280 eis
226 1215 356 1292 Probus,
369 1218 392 1282 l.
406 1217 432 1296 l,
442 1237 474 1300 p.
491 1221 581 1299 alno,
592 1221 705 1305 aliique
714 1229 830 1288 veteres
839 1231 927 1287 utan-
983 1227 1004 1288 Ι.
1025 1227 1048 1304 Ι,
1059 1247 1090 1308 p.
1105 1230 1176 1307 tou,
1183 1229 1376 1313 principales,
1386 1231 1593 1314 subsequentes,
1603 1230 1713 1294 medias
1722 1237 1810 1294 vocat
1816 1247 1827 1309 3

108 1319 152 1376 tar.
163 1313 349 1395 disjunctive
357 1317 494 1400 quamvis
503 1338 627 1383 sensum
639 1321 823 1404 disjungant,
836 1322 927 1387 verba
984 1326 1027 1388 sic
1038 1326 1120 1389 enim
1128 1326 1268 1408 Nigidius
1280 1327 1364 1410 apud
1379 1328 1522 1407 Gellium,
1538 1328 1560 1393 l.
1574 1329 1658 1408 lllll,
1667 1348 1696 1394 c.
1714 1333 1829 1408 14,νο-

107 1419 188 1476 tamen
199 1415 403 1497 conjungunt,
423 1435 484 1500 qua
497 1417 614 1482 ratione
625 1409 856 1501 'conjunctionis
868 1440 924 1486 no·
984 1424 1066 1488 cales
1076 1424 1238 1490 distribuit.
1252 1425 1312 1490 Sed
1326 1425 1390 1492 baec
1399 1427 1555 1491 hacteuus.

107 1529 162 1576 nau
176 1531 232 1578 non
246 1514 402 1579 amittunt.
416 1514 562 1600 Nonnulli
581 1517 733 1584 Ciceronis
748 1526 836 1584 ceute
854 1539 926 1586 eou-

736 1873 1180 1886 .--·--·------—-—-—--

504 2175 624 2304 DE
689 2174 1405 2310 ACGIDENTIBUS

344 2507 478 2596 SIVE
525 2507 886 2596 ATTRIBUTIS
929 2506 1197 2596 PARTIUM
1244 2504 1571 2596 ORATIONIS

150 2829 231 2910 128.
261 2831 362 2912 Sunt
381 2831 578 2938 quaedam',
603 2858 688 2938 qua
711 2839 838 2938 partes
864 2829 1046 2912 orationis
1070 2830 1323 2931 comitantur,
1354 2839 1396 2911 ut
1425 2862 1434 2912 :
1466 2855 1676 2932 numems,
1698 2857 1828 2932 casus,

105 2979 229 3060 genus,
253 2956 480 3076 declinatio,
503 2959 658 3057 modus,
680 2963 848 3064 tempus,
872 2982 1049 3062 persona,
1071 2956 1208 3067 ligura,
1231 2957 1398 3064 species3
1420 2983 1506 3064 quae
1524 2959 1737 3039 mandentia
1755 2955 1834 3038 sive

103 3081 270 3178 uttn'buta
278 3087 455 3187 partium
468 3067 667 3163 vocantur.
1128 3159 1135 3176 ,

147 3205 308 3288 Numeri
323 3208 544 3308 nominum,
566 3206 857 3314 pronominum,
874 3206 1080 3288 verborum
1102 3213 1140 3288 et
1161 3205 1453 3314 participiomm
1473 3214 1564 3288 sunt
1578 3205 1654 3288 duo
1669 3238 1679 3287 r
1695 3211 1834 3313 sangn-

104 3329 199 3433 tant,
213 3339 253 3412 ut
270 3363 279 3411 ε
298 3358 422 3433 mma,
438 3358 519 3438 epo,
534 3359 634 3432 ansa,
651 3359 805 3432 ornans,
812 3333 996 3438 pluralia,
1014 3338 1079 3411 ui:
1097 3357 1231 3433 anasse,
1248 3358 1329 3433 nas,
1346 3359 1536 3432 amamus,
1550 3344 1736 3414 amantes.

148 3460 260 3538 Casus
279 3455 506 3557 nominum,
525 3456 815 3564 participiorum
834 3464 874 3537 et
894 3456 1172 3537 nonnullorum
1193 3456 1468 3563 pronominum
1488 3463 1580 3538 sunt
1598 3483 1661 3539 sex
1679 3489 1688 3539 ε
1704 3457 1834 3540 nomi-

104 3586 251 3683 natione,
267 3586 473 3697 genstiens,
488 3587 651 3684 danna,
669 3587 917 3682 manatione,
935 3587 1138 3684 cornubus,
1159 3583 1356 3664 ablatabua.

148 3710 305 3809 Nomen,
325 3733 554 3816 pronomen,
574 3708 822 3816 participium
838 3707 910 3788 tria
921 3707 1067 3788 habent
1085 3734 1228 3813 genera
1245 3708 1463 3815 praecipua:
1481 3711 1737 3790 masculinum
1756 3708 1833 3790 sive

103 3835 216 3934 n'ra'le,
235 3833 296 3916 eui
316 3835 554 3940 praeponitur
572 3857 786 3941 pronomen
806 3836 881 3933 bz'c,
904 3841 947 3913 ut
969 3864 980 3912 .·
1001 3835 1061 3913 ln'c
1080 3833 1269 3934 daminus,
1291 3861 1412 3934 meua,
1433 3837 1586 3933 doctus3
1599 3837 1833 3937 femana'num

103 3957 169 4040 sive
186 3959 379 4060 muliebre,
401 3957 465 4039 eui
485 3958 721 4066 praeponitur
740 3982 952 4066 pronomen
973 3959 1066 4059 dae,
1087 3965 1130 4038 ut
1153 3990 1161 4038 :
1183 3960 1262 4039 baec
1280 3959 1437 4058 ancilla,
1459 3985 1557 4058 naeu,
1579 3961 1712 4057 docta,
1730 3985 1834 4040 neu-

103 4093 207 4184 trum,
222 4084 284 4166 aui
298 4083 535 4192 preponitur
549 4108 765 4190 pronomen
778 4087 861 4187 baa,
878 4092 920 4164 ut
938 4115 946 4161 :
965 4085 1032 4163 boc
1047 4087 1294 4190 monadicum,
1312 4112 1453 4186 cneum,
1469 4086 1635 4165 doctum.

145 4210 197 4292 Ex
224 4209 281 4291 his
311 4209 431 4290 tribus
458 4209 665 4319 generibus
692 4218 905 4292 nascuntur
932 4210 1008 4288 duo
1036 4208 1127 4309 alia,
1159 4235 1358 4290 commune
1385 4209 1548 4290 duarum
1572 4216 1611 4291 et
1637 4234 1833 4290 commune

103 4339 223 4416 tuum.
245 4339 456 4417 Commune
476 4336 642 4415 duorum
661 4344 730 4435 est,
753 4334 816 4416 eui
836 4341 1116 4442 praeponuntur
1134 4335 1366 4443 pronomina
1384 4339 1444 4415 dab
1462 4344 1499 4418 ei
1517 4338 1610 4435 bac,
1628 4341 1671 4415 ut
1690 4367 1699 4415 ε
1716 4337 1776 4415 laa'e
1794 4343 1834 4416 et

103 4461 337 4568 despumas.
367 4464 578 4544 Commune
601 4465 738 4562 teriam,
762 4460 840 4543 sive
863 4487 988 4561 amate,
1006 4459 1069 4542 cui
1090 4468 1368 4567 praeponuniur
1389 4458 1621 4568 pronomina
1641 4463 1718 4562 ln'a,
1736 4463 1830 4559 brea,

104 4585 174 4687 lac,
190 4595 231 4667 ut
247 4619 256 4668 ε
273 4589 337 4668 ln'a
351 4595 390 4669 et
404 4589 484 4668 baea
497 4593 537 4668 et
550 4587 811 4694 locprudens,
828 4598 990 4684 nostrus,
1004 4611 1152 4666 anuas.

150 4827 233 4907 129.
262 4828 545 4911 Declinationes
564 4828 642 4911 sive
662 4828 794 4911 forma
813 4827 1016 4910 nominum
1030 4835 1121 4909 sunt
1141 4826 1340 4936 quinque:

147 4951 282 5055 Prima,
298 4953 413 5062 cujus
431 4955 624 5065 genitivus
643 4953 918 5037 terminaturus
932 4953 1186 5062 diphthongo,
1204 4962 1247 5034 ut
1261 4980 1384 5055 musa,
1400 4981 1537 5054 musar,-

147 5075 331 5181 Secunda,
347 5079 459 5187 cujus
472 5081 662 5190 genitivus
676 5081 905 5164 terminatur
919 5080 1028 5161 litera
1042 5083 1069 5180 a',
1086 5086 1129 5159 ut
1141 5079 1327 5190 mnus,
1344 5080 1507 5181 donnini,-

146 5201 279 5304 l'ertia,
297 5205 410 5314 cujus
423 5205 616 5315 genitivus
636 5205 867 5289 terminatur
881 5205 1031 5314 syllaba
1045 5209 1090 5306 a'a,
1112 5211 1156 5285 ut
1168 5231 1307 5305 recma,
1323 5209 1526 5304 ammonam

148 5327 295 5431 Quarta,
313 5331 427 5438 cujus
441 5330 632 5440 genitivus
646 5331 875 5414 terminatur
888 5332 1038 5439 syllaba
1050 5359 1109 5432 ua,
1126 5339 1170 5412 ut
1183 5359 1327 5433 sensns,
1344 5358 1491 5430 annus,

147 5451 295 5555 Quinta,
310 5457 418 5562 cujus
432 5455 622 5563 genitivus
642 5457 870 5540 terminatur
884 5457 1005 5539 literis
1018 5484 1038 5538 e
1052 5464 1092 5540 et
1107 5459 1124 5537 a·
1134 5455 1331 5564 separatis,
1345 5466 1387 5538 ut
1402 5457 1494 5558 dies,
1511 5458 1601 5538 ds'ea'.

1637 5597 1673 5662 l'l
