4646 6164
763 535 807 586 nn
828 535 1020 586 vennonuu
1038 531 1284 587 mcunuauro.
1829 505 1900 583 451

142 662 311 743 temporis,
331 668 460 744 excepto
474 662 608 743 Virgilii,
622 682 686 746 qno
701 662 829 728 sortasse
847 665 999 729 adductus
1054 666 1152 728 dixit:
1169 665 1278 747 recipit
1296 665 1378 728 enim
1395 663 1683 747 hendecasyllabum
1702 680 1828 726 carmen
1856 683 1904 728 se-

141 759 310 822 lliomedes
319 759 505 842 preteritum
518 761 633 842 corripi
647 760 777 824 affirmat
782 777 793 840 3
810 779 881 824 cnm
895 767 998 825 tamen
1054 764 1156 829 cundo
1168 765 1238 828 loco
1251 764 1419 847 dactylum.
1430 764 1489 826 Alii
1498 763 1631 845 denique
1643 763 1901 827 creduntutrum·

141 859 264 922 Probus
279 864 311 921 et
331 858 464 937 Servius,
482 865 517 922 ut
535 857 687 936 diximus,
708 858 739 921 id
758 860 849 922 metri
867 860 999 924 necessi·
1054 883 1116 948 quc
1133 868 1253 945 tempus
1269 862 1511 944 corripiendum,
1527 862 1610 946 qnod
1629 863 1766 944 plerique
1785 880 1892 927 omnes

139 963 206 1020 tate
219 956 336 1020 lactum
349 975 416 1020 esse
430 957 575 1021 doceant.
596 956 705 1040 Neque
724 957 823 1040 quiin
846 958 997 1022 cornaria
1053 963 1112 1025 hec
1135 965 1223 1024 aetate
1247 960 1291 1025 sic
1316 960 1531 1042 pronuntient,
1557 959 1667 1042 quibus
1693 959 1894 1024 libentissime

139 1062 218 1118 sunt
234 1055 402 1134 sententia,
417 1073 487 1118 eum
508 1055 690 1120 testimoniis
708 1054 901 1137 confirmant.
918 1054 998 1118 Sunt
1053 1058 1255 1136 accederem,
1280 1057 1305 1120 si
1333 1057 1365 1119 id
1392 1064 1447 1121 aut
1470 1058 1621 1121 Ciceronis
1645 1063 1698 1120 eut
1719 1057 1897 1131 Quintiliani

140 1154 198 1236 qui
221 1153 404 1216 arbitrantur
423 1159 487 1216 tam
509 1153 699 1235 praeteritum
721 1171 816 1234 quam
836 1152 997 1232 futurum,
1052 1161 1142 1220 aetate
1156 1154 1273 1218 lactum
1290 1155 1559 1238 esseprobassent.
1577 1153 1743 1218 Verisimile
1760 1154 1899 1237 prolecto
1958 1185 1964 1200 ·

140 1258 270 1333 propter
286 1251 453 1314 multarum
469 1250 610 1314 brevium
629 1250 815 1332 syllabamm
837 1249 999 1315 continua·
1053 1262 1100 1317 est
1112 1253 1214 1330 Probi,
1229 1253 1386 1318 Diomedis
1399 1272 1436 1317 cc
1454 1253 1549 1316 Servii
1567 1257 1667 1330 aetate,
1680 1253 1778 1316 multo
1790 1253 1894 1334 purio-

140 1349 277 1427 tionem,
300 1349 455 1412 interdum
482 1350 621 1430 apoetis
649 1349 821 1412 necessario
849 1348 998 1430 produci;
1053 1368 1239 1432 remquam
1263 1351 1322 1414 hnc
1346 1357 1449 1414 nostra
1482 1350 1576 1414 luisse
1602 1349 1898 1432 pronuntiationem.

138 1465 216 1511 enm
255 1447 368 1531 quibus
397 1447 504 1510 nullus
532 1453 672 1510 veterum
704 1447 997 1528 grammaticorum,
1055 1447 1185 1521 Quodsi
1203 1449 1229 1511 is
1246 1449 1363 1512 Probus
1383 1456 1428 1512 est
1444 1450 1533 1530 cujus
1550 1448 1707 1526 llartialis,
1730 1447 1844 1510 Plinius
1873 1451 1905 1510 et

138 1546 230 1627 qnod
246 1545 372 1628 quidem
394 1545 509 1621 scium,
532 1543 614 1607 lacit.
636 1545 723 1608 Gerte
741 1543 889 1621 Catullus,
913 1543 999 1607 nulla
1057 1545 1171 1610 Gellius
1186 1547 1409 1626 meminerunt,
1431 1553 1595 1629 utrumque
1614 1547 1680 1610 sine
1698 1545 1760 1609 ulla
1781 1550 1904 1608 contro-

139 1645 323 1708 necessitate
350 1649 500 1721 coactus,
527 1645 685 1726 serentum
709 1642 879 1725 penultima
905 1643 999 1723 longa
1054 1645 1151 1708 versia
1160 1647 1287 1726 longum
1297 1650 1357 1709 est.
