4630 6164
726 557 965 610 uousrnucrro
987 559 1091 610 33331
1113 559 1274 610 mmmm.
1804 531 1880 610 323

117 695 249 758 niscatur
266 694 307 757 ad
329 700 371 755 te.
387 713 403 750 n
423 690 548 754 Porcius
567 688 673 762 Latro,
690 708 719 751 e.
736 691 775 752 36
791 712 798 751 :
819 689 970 753 «Credite
1030 689 1163 765 invent,
1180 689 1201 750 l.
1218 688 1242 761 1,
1257 707 1286 751 o.
1301 692 1352 762 22,
1366 691 1401 751 31
1415 706 1424 751 :
1440 689 1570 752 «Altera
1583 695 1640 766 est,
1656 688 1687 750 iu
1699 707 1761 771 qua
1774 707 1877 752 rerum

117 793 191 854 item
207 793 270 854 vim
290 789 460 854 universum
478 786 633 866 flagitiose
652 787 832 866 juventutis,
848 793 902 848 eut
917 786 971 850 ho·
1029 807 1146 864 eurum,
1157 789 1196 851 de
1205 787 1317 869 quibus
1326 787 1434 850 erimm
1446 786 1570 866 dicturi,
1581 789 1713 852 breviter
1727 789 1877 870 expositio

116 891 227 964 diemo
241 889 378 951 Gelilinae
397 885 547 968 supplicio
562 884 654 946 simul
668 885 877 966 conficiendam
889 887 969 966 sore,
1028 887 1151 969 ponitur
1172 885 1344 948 distribute.
1358 907 1373 944 r
1387 886 1479 948 'idem
1495 905 1550 968 pro
1568 886 1671 963 Fout„
1686 905 1715 949 e.
1737 889 1787 963 lu,
1810 889 1851 950 26
1868 906 1876 948 :

115 995 181 1066 out,
198 993 260 1050 ete.
277 1009 292 1046 n
310 985 433 1048 Diceret
444 983 571 1046 fortasse
588 982 781 1060 Laurentius,
795 984 817 1045 l.
832 982 857 1058 1,
872 1002 900 1045 o.
916 985 967 1060 66,
1032 982 1143 1046 rSiilli
1155 982 1873 1061 bellumieoereconabuntur,ereitandusuobis

116 1085 183 1148 brec
201 1085 304 1166 potius
320 1083 448 1146 nomina
461 1100 544 1158 esse,
559 1099 653 1161 quem
671 1080 839 1162 participia.
858 1079 969 1144 Nesoio
1027 1083 1085 1144 erit
1098 1083 1136 1146 ub
1150 1081 1255 1144 inieris
1273 1081 1306 1145 C.
1322 1083 1449 1160 ilarius,
1464 1087 1524 1147 eto.
1543 1105 1558 1142 n
1577 1083 1616 1146 Et
1629 1083 1780 1165 preterita
1793 1082 1880 1145 futu·

116 1204 173 1248 eur
194 1184 227 1246 id
249 1181 412 1245 Laurentio
428 1185 586 1260 tantopere
604 1179 807 1260 displicuerit,
828 1198 900 1242 oum
919 1178 969 1241 lu·
1026 1179 1067 1241 ris
1093 1181 1268 1255 miscentur,
1295 1199 1368 1244 oum
1392 1181 1540 1243 dicturum
1564 1182 1674 1262 fuisse,
1699 1182 1871 1244 auditurum

115 1288 184 1344 ture
213 1299 285 1343 num
310 1279 422 1342 tuturis
443 1277 556 1365 passim
580 1278 758 1359 jungantur.
782 1275 906 1351 Cicero,
928 1278 968 1339 de
1025 1279 1130 1357 fuisse,
1144 1286 1176 1341 et
1189 1280 1247 1341 elia
1261 1269 1354 1357 hujus
1368 1280 1642 1360 generisdioimus.

545 1465 804 1610 rurunuu
844 1531 1133 1611 rurnuruu
1174 1532 1445 1613 rnssrvuu

173 1721 265 1798 346.
297 1720 485 1798 Futurum
505 1717 699 1822 passivum
715 1743 759 1796 ex
774 1717 928 1796 infinito
944 1722 999 1795 r'rr'
1013 1727 1051 1798 et
1066 1743 1159 1797 voce
1178 1719 1296 1831 simili
1318 1720 1458 1825 supino
1481 1719 1522 1797 in
1546 1749 1611 1797 um
1633 1727 1803 1817 constat,
1843 1730 1884 1798 ul

118 1856 292 1923 umatum
316 1847 383 1941 r‘rr',
411 1844 563 1922 doctum
587 1845 652 1937 iri,
677 1843 860 1920 prolatum
883 1845 948 1940 iri,
973 1846 1138 1920 deorsum
1158 1846 1222 1941 iri,
1245 1843 1502 1948 omnibusque
1526 1843 1732 1950 generibus
1754 1851 1869 1948 atque

120 1967 276 2071 utrique
293 1990 456 2046 numero
472 1965 715 2044 attribuitur.

178 2079 326 2188 Cicero,
342 2095 443 2190 Art,
461 2092 488 2169 l.
505 2092 551 2190 ΙΙ,
569 2116 632 2195 ep.
651 2090 716 2189 20,
734 2091 782 2168 2:
806 2121 827 2163 «
842 2092 1047 2196 Pompeius
1059 2091 1227 2171 affirmat
1240 2119 1320 2172 nou
1342 2081 1425 2173 es'se
1440 2093 1659 2198 perieulum
1679 2124 1686 2171 :
1706 2093 1876 2198 adjurem

122 2215 228 2296 addit
242 2215 359 2296 etiem
373 2243 414 2295 se
427 2215 534 2321 prius
547 2219 710 2294 oeerrum
730 2219 785 2292 r'rr'
802 2214 850 2294 ab
872 2241 933 2313 eo,
957 2242 1071 2321 quem
1086 2243 1146 2294 me
1160 2220 1343 2296 violatum
1358 2222 1422 2295 r‘rr'.
1440 2250 1461 2292 ›>
1482 2217 1586 2296 ldem
1614 2217 1661 2297 ed
1676 2218 1873 2310 eumdem,

122 2343 150 2419 l.
172 2342 255 2439 XV,
273 2366 336 2446 ep.
355 2340 429 2420 25:
452 2341 666 2438 «Brutum,
690 2347 733 2417 ul
753 2338 904 2437 scribis,
926 2344 1051 2419 vesum
1076 2344 1166 2420 r‘rr'a
1183 2367 1245 2421 me
1263 2350 1370 2447 puto.
1389 2375 1409 2414 »
1430 2341 1550 2438 Idem,
1568 2341 1615 2421 de
1630 2341 1785 2440 Divin,
1805 2343 1833 2421 l.
1853 2346 1881 2440 l,

122 2493 157 2545 e.
188 2467 252 2564 32,
281 2466 356 2544 68:
390 2463 566 2543 «Audivi
587 2465 628 2544 C.
654 2461 939 2568 Coponium...
963 2463 1101 2544 dixisse
1117 2465 1306 2573 remigem
1328 2465 1605 2570 quemdam...
1624 2466 1876 2546 vaticinatum

124 2591 389 2692 madefactum
413 2593 468 2666 iri
487 2588 617 2668 minus
642 2588 801 2696 triginta
823 2587 959 2668 diebus
983 2589 1170 2668 Groeerom
1194 2590 1399 2697 sauguine.
1428 2622 1449 2663 n
1475 2589 1691 2688 Terentius,
1715 2591 1872 2697 Hecyr.,

124 2716 243 2812 Ptol„
262 2740 300 2792 v.
321 2714 370 2791 39
391 2745 399 2790 :

783 2882 924 2898 .....
947 2835 1066 2899 luteres
1079 2803 1186 2899 rumor
1196 2838 1277 2900 veuit

525 2933 635 2995 Datum
651 2935 695 2994 iri
703 2934 897 3014 plodr'otores.

126 3097 400 3195 Quintilianus
429 3098 454 3175 l.
489 3098 554 3193 ΙΧ,
582 3122 617 3176 e.
650 3098 688 3193 2,
720 3097 796 3174 88:
820 3127 841 3169 <t
868 3098 970 3175 Reus
997 3096 1260 3201 parricidii...
1293 3099 1528 3177 damnatum
1555 3104 1607 3176 r'rr
1634 3098 1841 3178 videbitur.
1861 3133 1881 3171 »

127 3223 299 3319 Plautus,
316 3221 416 3300 Rud.
434 3230 508 3300 ecl.
526 3221 592 3318 IV,
608 3247 661 3299 so.
679 3221 717 3319 7,
735 3247 771 3298 v.
793 3221 841 3299 16
862 3251 870 3298 :

525 3387 597 3474 liitri
607 3389 691 3450 istaee
701 3387 823 3450 videtur
832 3386 943 3470 predo
952 3388 1126 3470 preclarum
1139 3388 1228 3450 irier.

168 3583 230 3647 Etsi
252 3583 357 3646 dutum
373 3585 434 3662 ire,
457 3583 609 3664 perditum
631 3583 690 3659 ire,
707 3582 898 3662 deterseetum
919 3582 976 3658 ire,
1038 3601 1100 3646 non
1114 3584 1170 3646 luit
1184 3584 1318 3647 alienum
1330 3585 1446 3663 judicio
1462 3591 1515 3647 tuo
1534 3583 1681 3644 traditum
1698 3585 1748 3646 iri.
1764 3585 1885 3668 »Apud

126 3691 275 3744 reruotrun
290 3683 347 3759 ire,
364 3688 395 3745 et
414 3682 474 3745 ulie
497 3680 637 3760 ejusdem
656 3679 777 3761 generis
799 3680 873 3742 nihil
895 3679 978 3742 aliud
1035 3683 1167 3745 Plinium
1176 3683 1220 3746 sio
1229 3682 1357 3763 legitur:
1371 3681 1520 3745 ulnterim
1534 3700 1603 3764 quae
1612 3681 1799 3746 absolutiora
1810 3685 1885 3747 mihi

127 3797 220 3860 quem
244 3779 334 3856 dore,
354 3780 497 3862 perdere,
519 3778 705 3859 interficere,
724 3798 842 3840 surore
865 3776 979 3858 signifi·
1036 3781 1298 3858 videbuntur,non
1308 3781 1365 3844 luit
1373 3781 1633 3861 alienumjudieio
1644 3788 1699 3844 tuo
1711 3781 1797 3844 trudi
1804 3785 1885 3861 (1).»

127 3884 210 3956 eunt,
225 3879 486 3962 atquepraeseutis
498 3877 745 3958 suuttemporis;
760 3875 979 3938 tumendutum
1038 3880 1157 3956 Cicero,
1177 3881 1216 3942 de
1239 3879 1372 3954 invent,
1387 3881 1409 3940 l.
1428 3878 1467 3955 ll,
1489 3899 1517 3941 o.
1540 3881 1571 3956 8,
1593 3881 1652 3941 tl:
1669 3878 1787 3952 rerod
1809 3880 1834 3940 si
1855 3879 1886 3941 id

128 3977 182 4054 iri,
193 3977 348 4058 perditum
364 3978 417 4054 iri,
431 3977 616 4058 intersectum
637 3975 692 4052 iri,
708 3981 740 4037 et
754 3993 822 4056 qum
840 3979 912 4038 sunt
925 3991 981 4053 ge·
1038 3978 1237 4049 concedatur,
1251 3978 1334 4056 ,illud
1358 3995 1421 4040 nou
1446 3995 1605 4040 eoncessum
1632 3978 1676 4039 iri
1696 3981 1857 4057 [oportet]
1872 4001 1887 4036 u

128 4073 212 4136 neris
232 4075 372 4155 ejusdem
392 4073 530 4137 futurum
546 4081 668 4153 tempus
690 4070 924 4151 adsignifieaut,
947 4077 982 4132 ut
1041 4075 1163 4156 Oportet
1181 4094 1334 4158 nusquam
1352 4081 1398 4139 est
1414 4075 1496 4156 apud
1513 4074 1702 4138 Ciceronem.
1723 4074 1821 4138 Locus
1840 4082 1889 4137 est

128 4172 468 4254 adnueremplaatque
477 4172 535 4234 elie
545 4171 641 4234 multu
653 4168 776 4232 docent.
786 4167 903 4244 Cicero,
916 4168 979 4230 Att.
1038 4191 1101 4235 uon
1114 4174 1205 4254 longe
1218 4193 1236 4236 u
1251 4173 1410 4255 principio.
1426 4172 1575 4247 Laetum,
1591 4173 1611 4234 l.
1628 4171 1653 4248 1,
1667 4191 1695 4234 c.
1710 4176 1740 4248 6,
1755 4172 1785 4232 in
1799 4171 1890 4234 line:

127 4271 149 4334 l.
174 4271 229 4348 ΙΧ,
249 4289 300 4354 ep.
321 4274 352 4348 9,
367 4271 387 4330 2
406 4289 414 4332 τ
432 4293 447 4330 r
468 4268 569 4342 Quem
587 4275 620 4330 tu
645 4267 750 4330 locum
772 4266 898 4328 Graeeiae
919 4282 981 4328 uon
1044 4271 1110 4334 «Et
1119 4271 1304 4350 Erythraesm
1319 4290 1352 4333 se
1365 4273 1546 4333 nominatum
1555 4270 1597 4331 iri
1609 4270 1778 4350 praelocutu
1791 4275 1855 4344 est,
1872 4291 1888 4326 n

127 4369 278 4452 direptum
291 4370 334 4430 iri
346 4373 456 4450 purast
471 4390 486 4428 n
504 4367 553 4430 nd
567 4365 724 4443 eumdem,
740 4364 816 4440 LX,
832 4383 882 4446 ep.
900 4367 930 4439 1,
943 4365 981 4425 3:
1040 4369 1228 4451 apertissime
1253 4369 1391 4432 futurum
1420 4375 1475 4431 est.
1491 4368 1541 4430 Sio
1561 4367 1666 4430 Cicero
1680 4415 1690 4444 ,
1721 4367 1759 4428 de
1777 4365 1891 4440 Diviu.,

132 4468 251 4542 «Quod
265 4467 371 4532 scribis
375 4512 437 4530 .....
456 4473 487 4530 te
506 4467 606 4547 ipsum
620 4471 730 4547 putare
749 4482 800 4524 me
822 4469 984 4524 attractum
1040 4469 1062 4530 1.
1080 4469 1107 4546 l,
1130 4487 1158 4530 o.
1173 4471 1224 4544 32,
1238 4471 1302 4531 68:
1323 4467 1463 4530 ulludivi
1477 4465 1510 4528 C.
1526 4466 1699 4547 Coponium
1705 4511 1766 4528 .....
1780 4465 1893 4528 dixisse

129 4569 179 4640 iri,
205 4573 300 4630 eto.»
321 4566 407 4629 idem
430 4567 469 4629 ad
492 4564 651 4637 eumdem,
674 4563 695 4626 1.
720 4561 787 4637 Vll,
812 4579 862 4642 ep.
886 4565 916 4638 1,
939 4565 983 4636 1;
1040 4566 1188 4646 remigem
1217 4566 1382 4647 quemdem
1387 4611 1447 4627 .....
1472 4564 1668 4627 vaticinatum
1697 4563 1892 4643 madefactum

133 4665 317 4728 eliodorum
331 4665 476 4747 equidem
490 4661 524 4725 L.
540 4661 665 4724 Saufeio
679 4660 850 4723 literas.....
865 4657 937 4734 Sed,
952 4662 986 4719 ut
1041 4665 1084 4726 iri
1098 4666 1198 4727 minus
1210 4665 1333 4745 triginta
1348 4665 1456 4727 diebus
1472 4663 1620 4727 Groeeiam
1634 4663 1827 4740 sanguine.»
1845 4659 1896 4721 lti-

131 4763 304 4844 philosophi
327 4761 499 4841 ambulent,
515 4762 570 4823 hes
591 4759 646 4822 tibi
663 4757 815 4821 redditum
837 4757 880 4818 iri
897 4761 986 4839 puta-
1042 4765 1115 4826 dem
1128 4763 1202 4826 illud
1216 4762 1326 4840 Plauti,
1341 4761 1422 4825 ilud.
1436 4770 1495 4824 act.
1505 4761 1561 4840 w,
1574 4780 1617 4823 se.
1636 4765 1667 4835 7,
1683 4781 1713 4822 v.
1730 4763 1768 4822 16
1782 4780 1790 4821 :

130 4862 202 4924 bum
216 4861 343 4942 prius.»

170 4959 247 5022 Sunt
260 4960 314 5042 qui
327 4964 438 5040 putent
450 4957 510 5019 hoo
520 4955 667 5037 loquendi
679 4972 792 5035 genere
803 4954 896 5017 etiam
909 4957 986 5015 tem·
1241 5022 1278 5035 ‚.
1636 5019 1643 5031 ,
1784 5017 1790 5030 ,

130 5077 188 5140 pus
200 5075 336 5138 mens
348 5051 570 5135 adsignifiwi3
586 5052 651 5116 fieri
661 5051 787 5134 quidem
798 5057 914 5133 potest)
933 5049 988 5112 sed
1043 5024 1221 5088 Proedotum
1235 5041 1276 5083 err
1292 5020 1431 5083 futurum
1445 5020 1551 5099 procul
1570 5018 1664 5081 dubio
1681 5025 1753 5080 est:
1770 5017 1895 5079 timebat

131 5156 308 5220 testimonia
333 5154 445 5236 quibus
467 5154 499 5216 id
524 5153 655 5221 docent,
681 5150 793 5234 purtim
819 5150 983 5231 depravata

131 5261 214 5330 sumi
229 5252 341 5334 Partim
351 5251 512 5315 ¹¹⁰bi⁵⁰uffl
525 5248 653 5312 faciunt·
664 5248 829 5311 Videamus
838 5245 987 5322 Plinium,
1076 5281 1110 5346 (1)
1126 5280 1163 5329 llo
1180 5277 1257 5329 modo
1274 5277 1434 5340 seripserunt
1448 5271 1576 5334 Lemaire,
1593 5271 1705 5322 Orellius
1725 5276 1751 5322 et
1765 5270 1896 5330 Teubner,

131 5353 155 5415 l.
170 5351 208 5416 ll.
225 5369 276 5432 ep.
293 5353 312 5412 6
318 5353 373 5427 ,22
392 5348 491 5421 uQuae
505 5346 692 5411 absolutiora
708 5344 985 5421 mihiridebantur,
1044 5372 1096 5425 quo
1107 5358 1216 5412 sumu
1227 5357 1344 5408 rivatus.

1104 4898 1165 4949 llilri
1178 4898 1249 4948 ister
1262 4897 1363 4948 ridetur
1376 4884 1460 4960 praede
1471 4892 1622 4960 praedatum
1637 4895 1715 4944 irier.
