4616 6160
672 586 715 638 ou
743 585 906 639 uouruuu
933 584 1200 638 uncorurrrouu.
1731 555 1804 634 197

84 714 163 776 oliam
175 714 360 779 nominativo
373 733 446 780 oasu
464 714 633 780 dicebatur.
649 749 688 764 -
701 715 822 800 Spootr'a
836 716 912 781 dixit
967 723 1101 794 careant,
1114 715 1256 798 quandam
1271 734 1290 778 a
1303 714 1407 798 primis
1418 715 1518 779 statim
1530 714 1730 797 positionibus
1743 721 1807 779 tola

85 811 355 891 colum.‚l.1x,o.
375 818 396 878 l
416 832 425 875 ι
449 837 464 874 u
483 813 536 876 Est
555 814 757 893 animsaliva
772 815 910 879 etaltera
967 821 1135 892 mutantur,
1149 821 1183 878 ut
1195 815 1326 896 Jupiter.
1347 813 1436 888 Quod
1454 813 1553 876 verbis
1573 813 1664 876 etiarn
1684 813 1804 890 accidit,

83 929 133 972 ruo
144 910 263 992 spontin
284 932 300 968 ι
318 911 411 989 Cala,
425 911 448 976 l.
463 911 487 988 l,
502 931 531 975 o.
549 915 563 974 l
585 931 594 975 ε
610 935 625 973 a
639 911 737 977 Sanus
750 913 845 978 homo
858 915 911 997 qni
968 920 1003 976 ut
1014 916 1090 996 fero,
1106 913 1179 989 tuli,·
1199 913 1287 992 cujus
1299 911 1482 994 protentum
1496 910 1667 991 perieulum
1680 918 1712 975 at
1729 913 1807 975 ulte-

84 1013 110 1070 al
124 1007 197 1071 hane
211 1009 293 1072 volat
305 1015 337 1072 al
350 1029 411 1074 rnoe
426 1009 536 1092 rpontz'a
548 1015 605 1087 est,
622 1010 715 1074 nullia
728 1010 863 1092 obligare
877 1031 910 1075 aa
966 1013 1029 1076 rius
1051 1030 1113 1077 non
1136 1011 1298 1074 invonitur.
1322 1010 1386 1074 Neo
1407 1007 1574 1091 plurimum
1596 1007 1701 1086 rolant,
1721 1011 1805 1074 nulla

82 1105 332 1185 lugibundebat.»
349 1107 565 1184 Quintilianus,
586 1109 607 1171 l.
628 1108 654 1187 l,
673 1128 702 1174 o.
725 1112 757 1188 6,
775 1113 828 1189 26,
845 1129 911 1174 mo-
967 1111 1033 1175 haeo
1044 1129 1084 1175 an
1098 1108 1316 1191 proedurasinl.
1331 1107 1409 1170 Nam
1422 1107 1497 1190 quid
1509 1107 1662 1188 proueniat
1674 1108 1804 1188 genitivo

84 1205 160 1268 ninii
178 1207 392 1270 anomalorurn
414 1226 423 1271 ε
445 1231 460 1268 u
480 1206 557 1272 Cum
577 1207 667 1285 illud,
685 1208 796 1290 inquit,
818 1209 909 1272 etiarn
967 1209 1122 1290 singulari,
1134 1208 1208 1290 quid
1219 1205 1328 1289 plurali
1338 1225 1401 1288 aper
1413 1204 1548 1268 facietlo
1566 1204 1646 1285 Lege
1658 1203 1803 1284 Gellium,

83 1303 195 1381 rooidal,
208 1310 242 1367 ul
252 1305 392 1387 quaedarn
406 1306 564 1388 pluraliter
578 1325 640 1370 non
656 1307 807 1384 dicantur,
821 1327 910 1389 quae-
967 1310 989 1371 l.
1006 1307 1094 1383 lllll,
1111 1325 1139 1368 o.
1155 1310 1186 1384 8,
1202 1305 1254 1368 nbi
1268 1305 1364 1367 inulta
1376 1304 1520 1367 dicuntur
1538 1304 1577 1367 de
1598 1304 1745 1367 anomalis
1767 1323 1804 1368 ex

83 1400 143 1464 darn
160 1409 267 1464 contra
289 1403 433 1484 singulari
456 1422 604 1482 numero,
629 1405 768 1487 quandam
790 1405 910 1468 casibus
967 1405 1049 1468 libris
1061 1403 1100 1466 de
1115 1403 1259 1486 Analogia
1274 1402 1306 1462 C.
1323 1400 1457 1465 Caesonis.
