4654 6156
454 499 531 580 306
1007 523 1051 574 on
1072 520 1356 574 consumemus
1375 519 1480 572 vnnss
1500 517 1632 571 nerlu.

453 663 515 723 trra
534 657 637 721 omnia
656 657 808 738 complexa
830 673 888 719 esse
908 653 1077 718 videantur.
1097 674 1112 712 a
1139 653 1293 730 Scaevola,
1352 650 1457 716 venies
1474 645 1709 714 inRudimentis
1730 645 1769 709 da
1779 643 1951 709 Verborum
1967 641 2142 726 generibus.
2156 673 2196 689 -

453 756 534 838 θὶς,
545 755 567 819 l.
582 755 670 833 XLV,
684 755 731 818 tit.
747 773 769 834 1,
782 754 849 834 lege
859 756 936 818 1³3:
951 751 1055 815 «Nam
1066 750 1144 815 sicut
1158 758 1189 816 et
1201 751 1296 835 ipsius
1355 750 1442 815 Dicet
1463 749 1591 814 tortasse
1612 745 1721 830 aliquis
1742 740 1809 808 haec
1827 743 1928 826 ponus
1952 739 2110 806 causanda
2132 758 2195 804 essa

453 862 484 916 et
510 853 639 917 haeredis
661 861 773 934 caput3
796 850 838 914 its
859 857 890 915 et
909 849 1003 933 ipsius
1026 849 1087 920 vis,
1109 848 1158 913 vel
1185 848 1296 931 sapius
1353 848 1446 911 verba
1457 845 1573 930 passiva
1587 845 1626 910 ab
1639 841 1913 924 activisdepopalo,
1929 839 2049 918 comita,
2068 837 2194 914 marola,

452 950 533 1014 lacta
546 951 746 1033 cornpteclr'tar
762 951 845 1029 (2)·¹‘
1353 945 1520 1026 complecto,
1536 943 1687 1026 amplecto.
1699 939 1769 1004 Non
1782 956 1820 1004 eo
1834 937 1949 1001 inficias
1961 953 2057 1020 quam
2067 932 2197 1018 plurima

492 1048 559 1112 Huc
576 1053 713 1130 spectant
729 1054 850 1109 testatos
860 1092 871 1124 ,
894 1045 1121 1130 interpretatae,
1144 1046 1294 1127 larpitos,
1354 1044 1435 1127 apud
1449 1043 1565 1125 priscos
1581 1041 1674 1106 etiam
1691 1039 1785 1104 luisse
1806 1038 1915 1115 sauro,
1937 1051 2005 1120 qua
2020 1033 2116 1099 modo
2134 1031 2195 1096 lare

452 1147 608 1227 elarpitor,
623 1146 785 1222 mentitae,
805 1145 957 1208 demetitur
979 1145 1165 1222 adamatica,
1180 1143 1296 1210 blandi·
1354 1141 1539 1224 deponentia
1557 1147 1612 1204 aut
1631 1137 1809 1203 communia
1828 1141 1913 1217 sunt,
1934 1132 2108 1215 cujusmodi
2129 1137 2196 1195 sunt

452 1254 509 1323 tue,
524 1246 679 1327 confessae,
699 1243 892 1322 abominatae,
912 1261 1044 1325 quorum
1060 1242 1232 1307 testimonia
1250 1242 1296 1306 in·
1354 1241 1506 1322 amplecto,
1520 1240 1666 1322 amplexo,
1681 1255 1803 1319 aucupa,
1817 1233 1982 1317 complecto,
1994 1233 2120 1309 maccla,
2134 1250 2197 1293 eon·

1353 1339 1472 1420 templo,
1490 1338 1624 1414 crimao,
1643 1337 1747 1420 dipao,
1764 1334 1875 1416 tremo,
1893 1337 1924 1396 et
1940 1329 1999 1394 alia
2020 1347 2115 1412 quam
2129 1326 2194 1411 plu·

1352 1436 1445 1514 rima,
1466 1455 1535 1519 qum
1556 1436 1639 1520 apud
1656 1434 1864 1510 Priscianum,
1881 1431 1903 1494 1.
1924 1427 2007 1507 Vlll,
2021 1447 2055 1510 p.
2073 1429 2144 1500 tor,
2165 1431 2196 1488 et

496 1561 535 1626 (a)
551 1562 636 1618 Editio
651 1565 739 1618 Beck:
765 1567 857 1619 «Nam
872 1568 939 1618 sicut
953 1575 980 1620 ct
992 1568 1074 1633 ipsius
1086 1568 1137 1620 vim
1150 1575 1178 1620 et
1192 1569 1295 1622 hamdis
1353 1533 1432 1598 N0n·
1448 1533 1636 1611 ffll'oeuuma
1645 1552 1674 1597 ⁰·
1691 1535 1723 1613 ¹1,
1732 1532 1772 1596 (Ῑθ
1785 1527 1947 1596 οθῃῗῗθήίθ
1956 1525 2122 1610 Uenenbus
2133 1543 2195 1588 W·

450 1643 532 1710 cepit,
546 1644 582 1698 ite
595 1651 624 1698 et
636 1646 717 1712 ipsius
725 1648 776 1699 rim
789 1647 831 1701 vet
842 1648 936 1714 raptus
946 1648 1039 1702 lacum
1050 1649 1239 1714 compleamur.
1249 1666 1264 1697 ι
1352 1632 1473 1712 borum,
1489 1632 1634 1697 invenies.

1076 2034 1566 2117 NEUTRO-PASSIVA

504 2343 595 2430 327.
637 2345 792 2453 Vapalo,
817 2371 947 2448 veneo,
973 2349 1042 2452 fio,
1069 2354 1112 2426 ut
1134 2345 1351 2451 passionem
1372 2345 1605 2456 significant,
1630 2346 1683 2428 ita
1704 2345 1944 2454 passivorum
1965 2371 2074 2427 more
2095 2370 2193 2427 con-

450 2481 663 2556 struuntur.

504 2598 604 2678 Maio
631 2595 903 2703 aparentibus
928 2598 1131 2704 vapulare,
1162 2623 1278 2705 quam
1308 2597 1604 2680 assentatoribus
1637 2623 1747 2678 aures
1780 2593 2009 2704 patefacere.
2046 2597 2190 2698 Cicero,

451 2725 579 2820 Fam„
593 2722 620 2800 l.
645 2722 746 2820 XVI,
763 2746 826 2828 ep.
845 2723 884 2820 4,
901 2722 952 2801 4ι
976 2723 1203 2820 «Quantam
1225 2722 1468 2832 diligentiam
1490 2723 1531 2803 in
1551 2721 1814 2804 valetudinem
1839 2731 1946 2804 tuam
1970 2722 2190 2818 contuleris,

447 2847 543 2930 tanti
572 2873 635 2928 me
663 2848 805 2950 fieriu
831 2859 866 2927 te
889 2845 1134 2953 judicabo.»
1162 2846 1444 2949 Quintilianus,
1468 2848 1496 2928 1.
1524 2849 1607 2947 Xll,
1632 2873 1668 2928 o.
1699 2850 1736 2948 l,
1762 2848 1813 2928 43
1842 2877 1851 2928 :
1883 2847 2189 2931 «Fabricius...

449 2971 646 3082 respondit
659 3000 683 3054 a
697 2972 779 3062 cive
793 2999 832 3054 se
848 2972 1001 3079 spoliari
1017 2974 1148 3075 malle,
1166 3000 1282 3081 quam
1296 2975 1648 3054 cetmonaeos.»

487 3203 627 3287 Quinque
645 3221 663 3266 a
680 3201 886 3284 gemmeticis
903 3202 964 3268 hoa
983 3205 1053 3269 loco
1073 3211 1290 3270 numerantur:
1354 3229 1370 3267 r
1391 3204 1468 3270 Tum
1482 3205 1616 3288 augendi
1633 3205 1768 3270 criminis
1784 3205 1895 3288 gratia,
1914 3213 1950 3270 ut
1962 3204 2048 3270 testis
2062 3205 2094 3269 in
2108 3223 2194 3270 reum

447 3305 570 3386 capulo,
598 3319 703 3380 aeaco,
728 3301 789 3383 fio,
816 3300 924 3379 cnuto,
950 3302 1042 3383 licem·
1072 3322 1204 3387 quorum
1230 3305 1292 3368 duo
1350 3312 1488 3386 rogatus,
1507 3323 1545 3367 au
1567 3304 1602 3368 at
1627 3324 1676 3368 reo
1704 3304 1836 3371 fustibus
1859 3305 2035 3388 vapulasset.
2057 3326 2073 3364 ι
2096 3304 2192 3382 ldern,

446 3409 600 3483 postrema
621 3399 885 3482 pretermisimus,
903 3402 988 3483 quod
1001 3401 1141 3466 nondum
1160 3421 1197 3466 ea
1220 3422 1290 3467 cum
1349 3402 1496 3479 1.xtt,o.
1511 3406 1544 3481 l,
1557 3406 1607 3480 43,
1623 3402 1662 3468 de
1676 3403 1836 3469 Fabricio:
1854 3403 1919 3468 «ld
1932 3402 2115 3468 mnantibus
2128 3403 2194 3486 qui·

448 3500 578 3563 ablativo
600 3517 737 3582 perseum
764 3497 881 3580 agentis
908 3499 1083 3581 legerimus.
1103 3501 1291 3566 Caeterorum
1350 3501 1480 3564 busdam
1495 3501 1683 3584 respondite
1699 3503 1766 3568 cive
1786 3521 1820 3568 se
1837 3501 1960 3586 spoliari
1974 3501 2084 3581 malle,
2100 3521 2193 3585 qnam

447 3598 588 3680 exempla
606 3595 721 3679 accipe.
744 3594 966 3678 Quintilianus,
986 3598 1008 3661 l.
1030 3598 1093 3677 lx,
1117 3617 1145 3662 a.
1170 3601 1201 3677 2,
1223 3601 1289 3662 ll:
1349 3599 1384 3663 ab
1397 3600 1597 3665 ltosteoear're.
1619 3623 1635 3662 s

1181 3881 1455 3956 APPENDIX.

502 4105 594 4192 328.
624 4105 697 4190 Fa'o
716 4107 912 4218 eleganter·
930 4137 1019 4193 cum
1039 4110 1207 4193 ablativo
1225 4109 1404 4220 jungitur
1425 4110 1508 4195 sine
1527 4109 1810 4221 praepositione,
1825 4113 1890 4196 sed
1904 4113 1980 4217 alia
1992 4113 2192 4224 significa-

451 4233 568 4317 tione.
585 4231 801 4337 Terentius,
819 4236 941 4318 Andr.
961 4244 1036 4317 acl.
1052 4238 1103 4337 V,
1120 4264 1173 4318 sa.
1190 4239 1231 4337 4,
1248 4267 1286 4318 v.
1304 4238 1381 4318 937
1399 4269 1408 4318 :

1085 4482 1226 4509 .....
1248 4443 1337 4508 Nunc
1352 4444 1485 4528 primum
1497 4445 1589 4511 audio

884 4539 962 4613 Quid
976 4540 1029 4602 itta
1040 4539 1079 4604 sit
1089 4537 1213 4622 factam.

451 4746 610 4853 ibidem,
629 4756 703 4834 art.
720 4754 784 4854 IV,
799 4779 853 4834 sc.
872 4755 909 4853 ἓ,
924 4782 960 4834 v.
977 4754 1055 4834 710
1072 4786 1080 4835 r

885 4941 964 5016 Quid
977 4960 1024 5004 me
1035 4941 1109 5024 fiet?

419 5147 423 5156 ·
451 5127 572 5228 idem,
589 5131 729 5232 Heaut,
745 5139 817 5212 act.
834 5132 899 5230 tv,
915 5157 969 5212 sc.
987 5132 1025 5232 3,
1042 5159 1079 5211 v.
1097 5124 1200 5212 7tt:

886 5325 1023 5392 Fortasse
1037 5325 1110 5410 quid
1125 5345 1170 5391 me
1181 5327 1236 5412 fiat
1249 5327 1453 5414 parvipendis.
