4646 6164
429 617 433 625 Δ
475 533 552 612 448
1092 562 1136 614 nu
1157 563 1347 615 vansonun
1368 563 1606 618 mensurare.

474 693 774 801 conjugationis,
800 702 843 772 ut
865 694 979 793 idom,
1007 695 1079 792 ibo,
1106 705 1173 795 tto,
1200 705 1386 792 venimus,
1409 708 1640 803 reperimus,
1663 701 1861 805 praesentis
1883 703 2079 808 temporis.
2096 704 2214 814 Virgi-

475 818 562 916 lius,
581 819 671 896 AEn.
690 819 737 916 ll,
754 844 792 896 v.
810 816 888 896 804
906 848 914 897 :

872 1019 969 1099 Cesai,
984 1027 1016 1084 et
1029 1021 1151 1087 sublato
1164 1027 1305 1087 montem
1322 1022 1461 1103 genitore
1472 1027 1576 1109 penui.

474 1202 595 1300 ldem,
615 1203 704 1280 AEn.
723 1201 789 1298 Vl,
811 1228 848 1279 v.
866 1201 916 1281 95
937 1233 945 1280 :

872 1403 917 1467 'l'u
933 1422 974 1468 ue
987 1405 1065 1470 cede
1080 1406 1179 1483 malis,
1195 1407 1249 1470 sed
1266 1413 1373 1472 eontra
1385 1408 1548 1472 audentior
1559 1415 1613 1470 tto.

474 1583 592 1682 Idem,
606 1584 698 1663 AEn.
714 1582 778 1681 lll,
794 1608 833 1661 v.
852 1582 903 1688 83
922 1613 930 1660 :

871 1781 1034 1864 iungimus
1046 1783 1180 1866 hospitio
1194 1786 1328 1864 dextras,
1344 1793 1376 1850 et
1387 1794 1469 1852 tecta
1481 1786 1618 1850 mmmm.

527 1965 618 2044 Haee
642 1963 760 2045 etiam
785 1967 802 2041 ι’
823 1963 984 2072 longum
1008 1963 1156 2046 habent
1182 1996 1190 2044 :
1215 1967 1350 2065 nolito,
1375 1969 1506 2066 noble,
1529 1970 1710 2067 nolimus,
1733 1971 1879 2071 nolitia
1896 1971 2071 2072 oedmus,
2089 1975 2211 2071 velitis,-

472 2093 711 2186 rimusmttr'a,
722 2095 761 2168 et
775 2114 860 2194 quae
875 2114 921 2169 ex
935 2087 1028 2194 ipsis
1042 2098 1348 2195 componuntur,
1359 2099 1663 2197 eupolemum
1677 2102 1831 2175 oaetera.
1846 2094 2015 2194 Ovidius,
2027 2097 2173 2178 Melam.
2184 2097 2207 2196 l,

474 2243 512 2295 v.
529 2217 606 2293 415
626 2246 635 2293 :

870 2401 909 2464 Et
922 2401 1109 2464 documenta
1122 2401 1233 2464 damus
1246 2420 1308 2485 qua
1320 2409 1409 2466 strnue
1420 2403 1537 2483 origine
1552 2404 1627 2468 nati.

473 2583 594 2680 ldem,
611 2584 723 2662 Pont.
740 2583 806 2682 lV,
824 2607 886 2687 ep.
907 2582 945 2680 5,
964 2608 1001 2660 v.
1024 2583 1066 2659 ll
1087 2611 1095 2660 :

870 2781 981 2865 Siquis,
998 2781 1079 2845 utin
1094 2781 1223 2865 populo,
1239 2781 1293 2863 qui
1307 2782 1372 2844 attia
1384 2789 1415 2844 et
1427 2782 1510 2846 unde
1523 2783 1669 2864 requiret.

1191 3094 1455 3170 APPENDIX
1481 3099 1507 3168 l.

526 3303 633 3380 lmus
659 3300 700 3380 in
729 3299 922 3407 praeterito
949 3300 1210 3406 penultimam
1236 3299 1409 3406 corripit,
1433 3308 1477 3380 ut
1501 3309 1684 3403 uenimus,
1709 3311 1934 3410 reperimur,
1960 3313 2206 3410 comperimus.

472 3424 671 3532 Virgilius,
687 3425 778 3505 AEn.
797 3427 827 3524 l,
844 3452 881 3503 v.
904 3425 980 3504 527
999 3454 1008 3504 ι

870 3626 940 3692 Non
953 3643 1011 3692 nos
1023 3633 1077 3689 aut
1089 3624 1174 3690 lerro
1187 3626 1316 3709 Libyoos
1329 3626 1479 3708 populare
1491 3633 1618 3709 penates

779 3791 782 3798 Δ
877 3724 1023 3803 Venimus,
1034 3730 1087 3788 aut
1096 3732 1200 3809 raptas
1213 3725 1641 3809 adlittorarerterepradas.

1128 4115 1135 4128 ‚
1182 4041 1446 4116 APPENDIX
1472 4042 1520 4111 ll.

528 4251 717 4357 Tempora
731 4249 970 4357 conjunctivi
991 4249 1096 4330 modi
1116 4249 1275 4358 syllabis
1290 4256 1416 4332 rimus
1435 4260 1475 4334 et
1495 4256 1582 4332 ritz'a
1597 4251 1721 4354 finita,
1741 4253 1963 4335 habeantne
1976 4253 2215 4360 penultimam

479 4377 650 4476 brevem,
669 4402 719 4456 an
733 4375 907 4486 longam,

877 4581 1074 4645 Grammatiei
1089 4585 1219 4659 certent,
1232 4587 1264 4646 et
1273 4582 1376 4646 adhue
1386 4581 1444 4644 sub
1456 4583 1561 4664 jndice
1576 4581 1612 4645 lis
1626 4587 1684 4660 est,

2311 4611 2313 4654 l

480 4786 559 4842 non
573 4761 700 4841 solum
720 4759 966 4858 recentiores
985 4759 1052 4840 sed
1065 4758 1183 4840 etiam
1196 4767 1359 4840 veteres.
1382 4759 1587 4840 Diomedes
1608 4758 1714 4840 enim
1737 4760 1848 4841 dooet
1868 4759 2102 4865 praeteritum
2115 4759 2218 4838 breve
2311 4829 2312 4838 ,

480 4911 577 4986 esse,
598 4885 772 4966 luturum
792 4911 881 4966 vero
899 4885 1076 4992 longum.
1097 4883 1245 4963 Probus
1264 4891 1474 4990 utmmque
1496 4884 1658 4992 longum
1681 4908 1763 4964 esse
1785 4883 1968 4964 allirmat.
1985 4886 2123 4984 Quare,
2138 4906 2219 4963 cum
2310 4895 2311 4980 j

480 5035 612 5090 versus
632 5009 764 5110 iacies,
786 5017 917 5116 poetas
938 5009 1104 5116 optimos
1124 5007 1351 5106 imitaberis,
1374 5007 1439 5113 qui
1464 5012 1505 5088 ri
1521 5009 1711 5115 syllabam
1734 5007 1847 5088 modo
1867 5007 2098 5118 corripiunt,
2118 5004 2219 5088 modo

480 5134 712 5239 producunt,
736 5142 850 5240 prout
871 5161 1003 5216 versus
1023 5134 1203 5240 postulat.
1228 5133 1298 5213 Sin
1320 5132 1391 5212 tibi
1412 5132 1559 5239 aliquid
1580 5133 1824 5215 recitandum
1839 5133 1926 5231 erit,
1949 5158 1999 5216 ne
2013 5153 2219 5216 sermonem
2308 5137 2310 5182 ⁴

480 5258 548 5339 des
561 5258 815 5360 auditoribus,
831 5257 1102 5341 consuetudini
1118 5257 1287 5366 regionis
1301 5257 1456 5340 servies.
