4678 6162
484 537 562 617 476
1155 565 1200 618 na
1220 566 1361 620 uarrurs
1378 563 1556 618 sunniam.

485 695 632 802 positis,
647 705 691 776 ut
706 701 893 805 memore,
909 698 1021 797 nolae,
1038 697 1152 777 adsis.
1166 699 1282 778 -Et
1300 697 1487 780 secundas
1506 720 1702 804 personas,
1721 693 1875 776 numeri
1893 692 2114 802 singularis,
2130 695 2220 774 modi

486 819 696 922 indicativi,
715 829 858 927 quarta
875 821 1168 929 conjugationis,
1184 829 1228 902 ut
1242 827 1378 923 necere,
1393 824 1523 902 cento.
1539 819 1738 928 Virgilius,
1756 821 1847 902 AEn.
1864 819 1895 920 l,
1912 844 1950 899 v.
1968 817 2015 898 91
2037 849 2046 896 :

882 1005 1640 1087 Praesentemquecirtsintentantomniamortem.

484 1167 680 1264 Lucanus,
696 1163 829 1246 Phars.
848 1168 877 1266 l,
894 1192 933 1245 v.
953 1164 1053 1244 107:
1132 1243 1137 1258 ,

881 1348 954 1412 Plus
966 1347 1017 1412 illa
1029 1347 1108 1412 volta
1120 1349 1196 1428 acie,
1212 1367 1307 1431 quam
1319 1350 1456 1430 creditis,
1467 1354 1571 1413 ectum
1583 1353 1640 1414 est.

487 1507 692 1618 Virgilius,
710 1513 803 1593 AEn.
820 1515 905 1612 l,v.
923 1510 1000 1590 94:
1093 1547 1096 1552 ·

1005 1740 1146 1758 .....
1169 1694 1193 1758 0
1208 1699 1317 1778 terque
1334 1701 1506 1778 quaterque
1516 1693 1599 1758 beati

885 1791 955 1868 (tim
968 1797 1040 1856 ente
1050 1810 1103 1855 ora
1114 1798 1252 1874 patrum,
1267 1791 1366 1872 Troiae
1377 1793 1435 1856 sub
1447 1791 1600 1856 moenibns
1611 1789 1692 1868 altis,

883 1888 1016 1971 canogio
1029 1894 1194 1973 oppeteret

488 2049 608 2148 ldem,
626 2049 718 2128 AEn.
736 2050 766 2149 l,
783 2075 822 2129 v.
842 2049 944 2131 529:

884 2232 954 2296 lton
967 2251 1004 2298 ea
1017 2239 1061 2296 ote
1074 2233 1189 2312 animo,
1200 2251 1263 2298 nec
1275 2239 1361 2299 tanta
1372 2234 1513 2318 superbia
1525 2234 1621 2299 victis.

489 2390 687 2494 Martialis,
704 2392 732 2472 l.
753 2394 820 2492 lX,
839 2393 962 2503 epigr.
980 2394 1018 2492 8,
1036 2419 1074 2472 v.
1091 2396 1116 2471 l
1135 2425 1144 2472 :

886 2579 952 2644 lam
963 2581 1033 2644 satis
1046 2585 1109 2661 est3
1123 2597 1185 2644 non
1201 2587 1258 2656 ote,
1270 2578 1357 2659 Ater,
1370 2600 1473 2657 avere,
1487 2582 1565 2647 vale.

490 2744 685 2842 Lucanus,
702 2742 731 2821 l.
750 2745 813 2837 lll,
827 2768 864 2820 v.
885 2741 960 2821 359
979 2773 988 2820 ε

888 2927 1026 3004 Quemvis
1036 2927 1215 3010 llesperium
1228 2926 1335 2992 mundi
1343 2945 1543 3011 properemus
1551 2926 1590 2990 ad
1598 2927 1708 2991 Axem.

490 3087 689 3190 Martialis,
707 3089 735 3170 l.
754 3092 782 3188 l,
798 3087 921 3197 epigr.
936 3089 975 3190 l,
993 3114 1031 3168 v.
1050 3089 1072 3168 3
1090 3120 1098 3168 :

847 3342 850 3350 ,
889 3271 1086 3353 desomnem
1100 3272 1473 3339 nescisdominaeiastidie
1483 3275 1601 3341 Romae.

1197 3564 1450 3640 EXCEP'l'lO
1483 3568 1533 3638 ll.

453 3739 457 3747 ’
547 3767 638 3846 503.
670 3768 807 3873 Longa
828 3774 1012 3872 preterca
1030 3775 1120 3847 sunt
1141 3794 1313 3875 quorum
1332 3768 1524 3879 genitivus
1540 3768 1618 3852 erit
1636 3769 1679 3851 in
1694 3773 1783 3871 inte,
1799 3780 1912 3867 enter,
1928 3778 2009 3867 atas,
2025 3762 2220 3874 penultima

494 3891 625 3998 longa,
643 3895 686 3969 nt
701 3890 876 3991 Salamis,
891 3893 1043 3992 Sernota,
1056 3895 1222 4016 Samnis,
1240 3896 1302 3974 lte.
1321 3893 1490 3995 Ovidius,
1508 3893 1620 4002 epist.
1638 3899 1669 3996 l,
1685 3922 1724 3975 v.
1743 3894 1792 3974 33
1811 3925 1820 3974 :

888 4075 952 4142 Hac
965 4077 1029 4142 ibat
1042 4077 1161 4160 Simois,
1174 4079 1225 4144 hic
1238 4085 1285 4145 est
1296 4079 1396 4161 Sigeia
1407 4079 1511 4145 enm.

493 4235 689 4337 Horatius,
706 4238 799 4317 Arte
815 4236 979 4344 poetica,
995 4266 1032 4317 v.
1051 4240 1100 4318 78
1120 4271 1129 4319 :

887 4423 1082 4488 Grammatici
1095 4431 1225 4504 certam,
1240 4431 1271 4490 et
1283 4426 1383 4490 adhuc
1397 4425 1570 4507 subjudice
1584 4427 1623 4489 tu
1635 4430 1692 4490 est.

531 4646 774 4710 Aiotertiaeesse
790 4629 1002 4710 declinationis
1017 4648 1338 4730 docetseoundeper-
1364 4669 1368 4730 r
1395 4668 1451 4731 per
1476 4647 1702 4731 diphthongum
1730 4671 1754 4712 ει
1783 4649 1846 4713 sire
1872 4647 1901 4712 ei
1924 4665 1942 4710 e
1968 4647 2119 4711 veteribus
2142 4643 2221 4706 tuisse

492 4761 567 4808 sona
580 4745 691 4820 brevis,
705 4748 766 4822 otc·
778 4745 900 4809 videtur
911 4751 1016 4808 teman
1030 4746 1137 4826 priscis
1148 4747 1338 4829 temporibus
1393 4748 1517 4828 scriptu.

492 4842 592 4922 quarti
615 4841 730 4904 ordinis
750 4841 860 4923 tuisse;
873 4841 996 4906 Naevius
1016 4843 1098 4906 enim
1117 4844 1200 4926 apud
1214 4843 1341 4908 Priscia-
1435 4843 1509 4917 Qua
1523 4844 1553 4906 in
1571 4864 1606 4928 ys
1618 4863 1705 4929 perp
1719 4849 1848 4922 exeunt,
1865 4843 1931 4907 tere
1944 4841 2153 4924 corripiuntur.
2167 4837 2222 4899 Vir·

491 4954 579 5015 num,
595 4939 617 5000 l.
633 4938 673 5014 x,
686 4956 718 5019 p.
734 4940 794 5001 875
802 4985 814 5016 ,
829 4939 873 5002 sic
885 4939 951 5003 eit:
1394 4941 1495 5022 gilius,
1508 4942 1580 5005 AEn.
1592 4941 1631 5020 ll,
1642 4963 1672 5006 v.
1686 4946 1748 5007 35:

553 5113 592 5164 An
604 5118 665 5163 nata
674 5118 715 5164 est
724 5125 818 5176 sponsa
833 5115 985 5178 praegnanst
995 5112 1035 5165 rel
1049 5113 1089 5176 ut,
1098 5113 1140 5166 rat
1151 5127 1227 5180 nega.
1456 5104 1490 5154 Αῑ
1501 5102 1588 5169 011Ρῦ1
1600 5109 1629 5155 11
1642 5115 1753 5168 quorum
1767 5101 1859 5154 11111101
1872 5103 2099 5154 11111111111111111·

531 5273 639 5354 Supra,
652 5291 723 5336 cum
739 5272 778 5335 de
791 5271 987 5354 diphthongis
1003 5272 1134 5354 egimus,
1147 5273 1337 5337 ostendimus
1395 5233 1531 5314 Olidlffl’
1544 5236 1669 5301 neum·
1680 5236 1717 5314 V,
1733 5256 1763 5300 V·
1778 5237 1817 5298 ⁷5
1832 5254 1840 5298 ²

509 5371 596 5433 mnes.
609 5370 690 5433 urbis
703 5375 735 5434 et
748 5377 856 5434 oaeteru
871 5371 902 5434 id
915 5389 1014 5452 genus
1031 5388 1087 5451 per
1101 5374 1114 5434 ι’
1125 5372 1255 5451 literam,
1273 5389 1336 5436 non
1455 5389 1489 5441 lta
1498 5387 1578 5454 hidda
1589 5387 1863 5455 Amphtmedomaridi
1873 5389 2157 5455 committerepugnam.
