4654 6156
462 567 537 643 322
1063 592 1299 642 cousrnucrro
1322 593 1423 642 vanui
1445 592 1605 642 rurrurrr.

515 726 712 804 infinitum
727 754 803 804 esre
821 727 1042 829 frequenter
1056 724 1308 804 desideratur.
1327 725 1473 824 Cicero,
1493 729 1594 821 lu,
1615 725 1641 802 l.
1660 725 1740 819 Vll,
1756 751 1818 828 ep.
1839 726 1903 823 26,
1922 725 1945 804 3
1967 757 1975 802 :
1998 757 2019 796 ιι
2034 727 2116 831 Ego
2138 726 2220 804 bel·

462 854 543 931 lum
560 851 809 930 lmdissimum
824 856 1007 953 futurum
1021 859 1128 953 puto.
1145 883 1166 924 a
1186 850 1309 948 ldem,
1325 852 1454 946 Fam,
1473 851 1500 928 l.
1520 851 1620 950 XlV,
1636 876 1698 955 ep.
1717 850 1765 928 23
1784 881 1792 928 :
1816 881 1837 922 «
1851 849 2045 954 Opinione
2056 850 2220 930 celerius

465 989 651 1056 venturus
664 974 718 1082 (l)
734 975 889 1054 dicitur.
908 1009 929 1047 »
946 975 1068 1072 idem,
1087 979 1189 1073 nu,
1206 975 1234 1053 1.
1253 976 1320 1073 lX,
1339 1000 1401 1079 ep.
1424 976 1486 1071 15,
1505 974 1527 1052 3
1549 1008 1556 1053 :
1580 1007 1601 1046 «
1616 975 1688 1052 Vir
1706 1000 1816 1079 spero
1832 972 1929 1052 mibi
1944 975 2049 1053 huuc
2063 975 2218 1053 venium

464 1106 665 1181 daturum.
680 1133 701 1174 »
720 1101 839 1199 Idem,
858 1102 985 1198 Fam„
1001 1101 1029 1177 l.
1054 1101 1115 1198 111,
1133 1127 1195 1202 ep.
1223 1102 1255 1197 l,
1283 1101 1304 1177 3
1326 1089 1334 1177 i
1363 1131 1383 1171 (ι
1408 1099 1551 1178 Scribit
1568 1125 1673 1179 meas
1687 1099 1818 1179 literas
1832 1098 2043 1178 maximum
2065 1099 2166 1202 apud
2183 1108 2219 1176 te

462 1225 613 1331 pondus
625 1226 836 1303 babituros.
854 1256 874 1296 ι)

499 1421 569 1483 Fuit
590 1419 696 1500 priscis
716 1417 907 1498 temporibus
928 1417 1065 1479 luturum
1094 1417 1202 1479 inliniti
1225 1418 1309 1479 modi

462 1539 529 1580 rum
546 1517 663 1598 syllaba
682 1515 817 1590 finitum,
834 1516 917 1598 quod
938 1515 1081 1578 omnibus
1099 1514 1263 1594 generibus
1279 1520 1311 1575 et

468 1617 588 1697 utrique
600 1632 742 1692 numero,
753 1632 913 1677 uonsecus
926 1633 962 1676 ac
972 1616 1048 1693 fore,
1057 1612 1311 1676 accommodaba-

461 1722 523 1776 tur.
540 1712 573 1776 C.
590 1712 744 1776 Gracchus
760 1735 768 1774 :
787 1734 802 1770 ο
819 1709 916 1773 Credo
935 1729 993 1790 ego
1007 1711 1135 1773 inimicos
1150 1729 1235 1773 meos
1250 1709 1310 1773 hoc

463 1813 623 1874 dicturum.
636 1833 650 1869 a
666 1810 803 1872 Valerius
815 1810 941 1871 Antias:
958 1809 1148 1889 obruspioes
1151 1855 1212 1871 .....
1227 1808 1312 1870 dixe-

463 1917 536 1972 runt
548 1909 645 1971 omnio
667 1927 705 1970 ex
724 1908 874 1969 sententia
886 1927 1091 1988 processurum
1104 1926 1199 1968 essen
1217 1906 1312 1968 Iabe-

465 2009 548 2070 rius:
565 2032 579 2068 ο
594 2006 662 2068 Νοιι
679 2007 783 2088 putari
800 2005 860 2068 lroo
876 2026 940 2067 eom
960 2009 1149 2086 sucturum.»
1166 2005 1259 2068 Vides
1277 2011 1313 2066 ut

464 2105 608 2168 omnibus
628 2104 791 2184 generibus
810 2109 841 2164 et
858 2104 981 2184 utrique
998 2121 1127 2166 numero
1141 2102 1234 2165 rerba
1247 2102 1313 2164 haec

469 2203 682 2266 attribuantur.
700 2200 969 2278 SicGicero,Verr.
985 2206 1044 2264 act.
1065 2199 1106 2277 ll,
1122 2202 1144 2264 l.
1158 2200 1195 2280 V,
1211 2219 1240 2262 c.
1255 2203 1310 2276 65,

466 2303 522 2362 161
541 2324 548 2361 :
569 2324 583 2359 ιι
597 2300 681 2362 Hanc
694 2297 750 2361 sibi
763 2318 824 2360 rem
835 2297 975 2379 praesidio
989 2303 1111 2378 sperant
1122 2301 1258 2378 satarum
1269 2317 1308 2374 ,ο

465 2417 558 2480 quem
573 2385 675 2460 locum
684 2396 809 2478 quidam
823 2396 1031 2458 existimantes
1044 2415 1109 2458 esse
1119 2404 1310 2476 corruptum,

459 2499 595 2577 futurum
624 2494 815 2556 affirmabant
838 2494 1005 2572 legendum
1027 2511 1113 2572 esse;
1138 2513 1210 2556 oum
1232 2497 1315 2573 sutu-

461 2615 539 2670 ram,
548 2612 610 2656 nou
623 2591 829 2674 participium,
842 2592 897 2653 sed
912 2591 1040 2653 verbum
1055 2591 1094 2653 sit
1107 2591 1311 2666 indefinitum,

460 2711 561 2773 neque
579 2691 715 2752 numeris
729 2708 830 2770 neque
849 2689 1013 2769 generibus
1029 2691 1244 2770 praeserviens,
1259 2689 1313 2751 sed

463 2788 593 2850 liberum
619 2787 754 2868 undique
784 2793 816 2848 et
843 2786 1114 2868 impromiscuum,
1143 2787 1227 2866 quod
1248 2787 1312 2849 siue

463 2887 524 2948 ulla
534 2886 597 2947 ritii
607 2885 781 2966 suspicione
792 2884 1313 2964 omnibusnumerisgeneribusque

462 2988 527 3045 sine
551 2982 723 3045 discrimine
743 2981 928 3058 attribuitur,
951 2988 986 3043 ut
1011 2982 1139 3058 Gellius,
1154 2982 1176 3043 1.
1191 2981 1217 3059 1,
1231 3001 1260 3044 ο.
1279 2985 1310 3058 7,

464 3082 576 3160 (Ιοοο1;
590 3081 672 3144 unde
681 3081 747 3143 haec
758 3098 864 3142 sumus
875 3080 1018 3167 mutuati.

506 3179 575 3241 Fuit
597 3184 629 3240 et
652 3179 735 3240 aliud
757 3176 896 3239 futurum
921 3177 1027 3257 priscis
1051 3177 1213 3254 usitatum,
1237 3197 1314 3240 arere

465 3276 588 3356 syllabis
603 3276 813 3339 terminatum.
833 3275 976 3350 Plautus,
992 3273 1078 3354 Capt.
1098 3281 1156 3336 act.
1177 3273 1206 3351 l,
1221 3294 1264 3338 sc.
1281 3278 1313 3353 2,

464 3393 493 3434 r.
511 3376 550 3435 65
563 3391 571 3432 :

530 3515 602 3565 flabo
614 3514 691 3564 modo
701 3515 799 3564 bonum
807 3515 936 3575 animum
950 3527 1010 3564 nam
1018 3513 1199 3564 illumconudo
1209 3514 1313 3566 domum

527 3596 555 3645 ln
570 3595 610 3644 bis
624 3594 716 3646 diebus
732 3607 774 3644 me
791 3592 1014 3644 recorrcr'liossere.

466 3739 562 3818 idem,
578 3738 732 3820 Amphitr.
748 3744 806 3799 act.
823 3736 847 3816 1,
861 3755 905 3798 sc.
922 3740 950 3810 1,
967 3756 997 3797 r.
1011 3741 1072 3798 50:

529 3900 581 3950 Eos
589 3899 673 3961 legat3
683 3896 804 3947 Telebois
813 3896 890 3958 jubet
901 3897 1055 3946 senteutiam
1068 3905 1097 3947 ut
1110 3896 1198 3948 dicant
1208 3910 1298 3948 suam:

531 3981 558 4030 Si
569 3978 659 4028 sineri
673 3985 700 4028 et
709 3977 765 4026 siue
774 3976 843 4026 bello
853 3977 934 4026 velint
946 3983 1020 4039 rapta
1031 3983 1058 4027 et
1072 3983 1189 4041 raptores
1198 3979 1316 4041 tradere;

531 4060 557 4110 Si
572 4071 630 4123 quae
652 4061 829 4121 asportassent
842 4054 996 4117 redderent3
1010 4069 1038 4106 se
1051 4059 1194 4107 exercltum
1211 4065 1317 4108 extem-

1151 4136 1317 4200 [plodnmum

515 4222 520 4280 ξ
533 4218 719 4279 deducturum
730 4216 915 4279 abiturosagro
924 4216 1047 4280 Argivom
1056 4229 1145 4280 pacem
1153 4219 1317 4281 atqueotium

532 4298 598 4348 bare
616 4297 668 4348 illis
688 4311 695 4347 :
717 4297 757 4347 sin
775 4296 850 4346 aliter
868 4296 921 4346 sint
939 4295 1060 4357 animati,
1079 4311 1164 4360 neque
1182 4298 1245 4347 dent
1260 4309 1317 4361 quae

534 4461 597 4509 Sese
608 4458 688 4522 igitur
701 4469 801 4507 summa
816 4457 840 4505 ri
854 4457 969 4520 uirisque
986 4469 1075 4506 corum
1093 4457 1215 4521 oppidum
1227 4376 1319 4522 [313²ss

1176 4543 1316 4603 fqnmsere.

473 4665 569 4742 idem,
585 4663 669 4725 blilit.
685 4669 743 4724 act.
758 4661 811 4739 lv,
825 4681 868 4724 sc.
884 4665 917 4738 3,
929 4681 958 4722 v.
975 4665 1014 4725 35
1030 4682 1038 4723 :

534 4861 646 4878 .....
665 4825 747 4877 Credo
761 4832 787 4876 te
800 4825 875 4875 facile
888 4826 1081 4890 impetrassem.

473 4983 622 5046 Futurum
644 4980 704 5042 hoc
726 4979 867 5042 afuturo
886 4981 1072 5060 conjunctivi
1090 4981 1174 5044 modi
1196 4985 1321 5044 recorrci·

474 5083 573 5161 liosso,
593 5097 788 5160 erpuquusso,
803 5079 975 5160 impetrasse
992 5079 1027 5141 lit
1035 5096 1046 5158 3
1062 5080 1214 5162 siquidem
1231 5080 1320 5162 prisci

474 5177 569 5241 latini
598 5177 689 5240 etiarn
716 5195 844 5254 amasso,
874 5177 1023 5252 irritasse,
1043 5176 1210 5260 judicasso,
1241 5197 1322 5240 mon-

706 5379 829 5386 ----.-.
848 5381 854 5386 -
867 5381 1015 5390 ...-,..-.,..
1039 5382 1087 5388 ---
1101 5383 1136 5388 -.-
1187 5383 1193 5388 -
1212 5383 1265 5390 -..a

506 5449 543 5513 (l)
560 5447 680 5511 Orellins,
693 5454 820 5502 venturam
834 5464 897 5502 ease.

1367 1427 1496 1493 strasso,
1520 1435 1576 1498 pro
1594 1435 1748 1492 amavero,
1770 1417 1950 1493 irritarem,
1971 1425 2044 1489 etc,
2065 1416 2218 1477 dicebant.

1368 1514 1508 1590 Plautus,
1522 1515 1637 1595 Amph.
1652 1521 1712 1576 act.
1726 1513 1749 1589 l,
1764 1533 1808 1576 so.
1819 1518 1851 1590 1,
1865 1533 1894 1574 r.
1910 1516 1989 1576 298:

1432 1682 1542 1697 .....
1560 1648 1587 1696 Si
1612 1659 1654 1696 mo
1679 1646 1830 1708 irritussis,
1849 1647 1926 1698 bodie
1948 1647 2143 1708 lumbifragium
2163 1646 2219 1693 lrinr

2093 1727 2218 1788 [arrlcres.

1370 1827 1469 1903 idem,
1484 1827 1573 1909 Epid.
1589 1833 1649 1889 act.
1666 1826 1715 1902 lll,
1733 1845 1777 1888 sc.
1792 1828 1867 1902 1,ι·.
1883 1829 1902 1885 1
1918 1842 1926 1884 :

1431 1953 1589 2002 Adolescens
1602 1953 1623 2001 si
1637 1951 1723 2001 istunc
1738 1951 1878 2012 bominem,
1892 1963 1970 2013 quem
1983 1957 2010 1999 tu
2024 1950 2159 2012 quantas,

1432 2034 1490 2084 Tibi
1505 2037 1737 2090 commonstrarem
1752 2043 1860 2094 ecquam
1875 2031 1922 2080 abs
1935 2037 1961 2080 te
1975 2029 2047 2080 inibo
2060 2030 2185 2092 gratiani!

1410 2154 1515 2236 ltaque
1529 2158 1597 2235 [ονο
1611 2174 1691 2217 ιιιιιιο
1706 2162 1827 2216 tautum
1840 2155 1983 2216 usitatum
1994 2161 2051 2230 est,
2062 2153 2148 2234 quod
2162 2173 2219 2215 nou

1371 2273 1438 2316 raro
1454 2256 1545 2316 etiam
1560 2272 1632 2317 cum
1651 2254 1816 2335 participiis
1829 2254 1861 2315 in
1876 2274 1928 2314 ras
1939 2253 2091 2333 jungitur.
2108 2253 2219 2326 Cicero,

1371 2354 1450 2426 nu,
1465 2351 1487 2412 1.
1499 2351 1535 2428 V,
1553 2371 1602 2432 ep.
1619 2356 1669 2427 ul,
1685 2354 1705 2411 1
1721 2375 1728 2412 :
1749 2375 1764 2409 ο
1776 2351 1895 2414 Deinde
1907 2351 1993 2413 addis
1997 2397 2060 2413 .....
2073 2359 2105 2412 te
2120 2351 2158 2413 ad
2173 2369 2220 2412 mc

1370 2456 1437 2533 [ονο
1452 2461 1619 2514 venturam.
1636 2473 1651 2509 a
1670 2451 1781 2528 Livius,
1797 2452 1818 2512 l.
1834 2451 1886 2530 Vl,
1900 2471 1929 2514 c.
1943 2453 1983 2513 11
1997 2473 2004 2513 :
2021 2450 2094 2512 ulta
2105 2450 2145 2512 ab
2158 2450 2220 2511 diu-

1370 2551 1432 2610 tina
1447 2549 1490 2610 ira
1509 2549 1632 2610 tandem
1646 2547 1677 2609 in
1690 2548 1886 2610 concordiam
1902 2548 2037 2610 redactis
2053 2547 2220 2623 ordinibus,

1371 2666 1442 2708 cunr
1457 2646 1582 2726 dignam
1596 2664 1665 2708 earn
1681 2664 1746 2707 rem
1759 2645 1890 2708 Senatus
1906 2649 2048 2707 censeret
2061 2663 2146 2720 esse,
2161 2663 2222 2705 me·

1371 2745 1491 2825 rituque
1508 2745 1551 2820 id,
1565 2744 1727 2826 siquando
1741 2761 1878 2823 unquam
1893 2742 1977 2820 alias,
1993 2742 2089 2804 deum
2104 2743 2223 2804 immor·

1371 2843 1478 2904 talium
1494 2861 1585 2904 causa
1597 2841 1728 2903 libenter
1741 2843 1872 2922 facturos
1884 2843 1962 2920 sore,
1974 2850 2008 2903 ut
2021 2840 2087 2901 ludi
2102 2841 2221 2902 maximi

1372 2943 1497 3016 tierent,
1515 2949 1546 3002 et
1569 2939 1636 3002 dies
1660 2957 1740 3002 uuus
1761 2939 1800 3000 ad
1828 2937 1964 3000 triduum
1989 2937 2218 3018 adiiceretur.»

1372 3038 1500 3101 Porcius
1520 3037 1609 3101 Latro
1633 3039 1691 3116 (1),
1711 3035 1750 3098 de
1779 3037 1869 3115 cujus
1891 3035 2068 3117 eloquentia
2093 3034 2223 3108 Plinius,

1372 3138 1394 3200 1.
1408 3137 1476 3214 1111,
1491 3155 1519 3200 c.
1533 3139 1583 3213 57,
1597 3141 1629 3212 1,
1642 3141 1674 3197 et
1687 3135 1904 3211 Quintilianus,
1917 3134 1940 3194 l.
1956 3133 1996 3210 X,
2012 3151 2041 3195 c.
2056 3135 2087 3210 5,
2102 3134 2151 3208 18,
2163 3149 2225 3193 me·

1373 3235 1475 3311 minit,
1488 3253 1568 3314 saepe
1581 3233 1625 3295 sic
1639 3233 1793 3313 loquitur:
1807 3232 1944 3294 beatiam.
1961 3232 1991 3293 in
2005 3229 2111 3305 Catil,
2126 3250 2154 3291 c.
2165 3231 2224 3290 28:

1378 3358 1392 3392 ιι
1407 3334 1520 3395 Lucem
1528 3351 1673 3413 namque,
1687 3333 1742 3408 ait,
1758 3331 1862 3392 neseio
1876 3348 1979 3411 quarn,
1993 3329 2033 3391 de
2047 3329 2144 3390 domo
2157 3328 2224 3388 Cor-

1375 3432 1454 3494 nelia
1462 3431 1618 3513 quondam
1623 3429 1819 3512 prodituram
1825 3429 1904 3509 sore,
1914 3445 1982 3508 quae
1991 3427 2089 3506 gloria
2097 3425 2225 3489 nominis

1374 3530 1419 3592 sui
1428 3529 1605 3592 Romanum
1615 3527 1778 3608 imperium
1788 3526 1880 3588 simul
1890 3531 1923 3587 et
1936 3524 2137 3605 complexura
2147 3523 2183 3585 sit
2195 3532 2226 3584 et

1374 3627 1570 3688 illustratura.
1586 3648 1602 3684 a
1619 3625 1710 3704 ibid,
1724 3645 1752 3688 c.
1769 3628 1808 3687 36
1827 3647 1835 3686 ι
1853 3622 1991 3686 «Putate
2003 3633 2159 3685 matronas
2172 3621 2227 3683 [ν-

1374 3725 1438 3801 bis,
1456 3743 1492 3787 ac
1513 3725 1627 3787 liberos
1651 3731 1771 3786 nostros
1794 3723 2002 3786 observatam
2026 3720 2224 3801 pudicitiam,

1374 3821 1528 3902 supplices
1553 3839 1589 3884 ac
1611 3821 1857 3901 congratulantes
1879 3819 2036 3881 uniuersos
2062 3818 2103 3880 ad
2125 3835 2226 3898 genua

1374 3928 1475 3982 restra
1495 3921 1699 3981 adversaturos
1715 3921 1824 4000 [ονοο
1846 3917 1925 3980 lllud
1944 3917 2031 3994 Livii,
2046 3916 2069 3978 1.
2089 3915 2225 3992 xxvtlt,

1375 4036 1404 4080 c.
1419 4021 1458 4079 10
1473 4038 1481 4080 :
1497 4017 1562 4080 alit
1575 4025 1714 4080 acturum
1727 4036 1760 4079 se
1775 4016 1805 4078 id
1819 4034 1874 4097 per
1888 4015 2039 4097 populunr
2049 4021 2154 4095 aperte
2166 4013 2229 4077 ler-

1375 4122 1433 4189 ret‚
1443 4115 1468 4178 si
1476 4115 1607 4178 Senatus
1616 4116 1840 4188 adversaretur,
1851 4113 2001 4194 aquidum
2016 4112 2226 4191 vitiosecitat:

1380 4235 1395 4271 ο
1409 4213 1447 4275 Et
1464 4221 1605 4275 acturum
1618 4231 1651 4274 se
1665 4230 1721 4295 per
1737 4212 1888 4294 populum
1906 4217 2011 4291 aperte
2029 4211 2117 4290 sore,
2133 4217 2225 4270 etc.»

1417 4310 1514 4374 Credo
1526 4314 1593 4391 [ονο
1608 4311 1702 4373 etiam
1717 4329 1789 4372 oum
1804 4309 1967 4391 participiis
1979 4308 2126 4390 praeteriti
2140 4315 2171 4370 et
2184 4308 2228 4368 lu·

1377 4411 1437 4473 turi
1456 4409 1603 4491 temporis
1624 4407 1654 4470 in
1675 4408 1731 4469 dus
1752 4425 1841 4488 posse
1857 4407 1957 4486 jungi.
1981 4405 2106 4483 Cicero,
2129 4405 2228 4480 Fam,

1375 4508 1397 4569 1.
1411 4506 1465 4583 Xl,
1477 4523 1528 4588 ep.
1543 4509 1603 4583 8st
1615 4525 1623 4568 ε
1637 4529 1651 4566 ο
1665 4506 1710 4568 De
1723 4504 1849 4585 reliquis
1861 4503 1954 4566 rebus
1968 4523 1986 4566 a
2000 4509 2029 4567 te
2041 4505 2108 4584 jam
2123 4522 2229 4585 exspe-

1376 4612 1458 4668 ctare
1471 4604 1573 4666 literas
1588 4603 1747 4680 debemus,
1763 4602 1839 4684 quid
1856 4601 1921 4683 ipse
1935 4621 2018 4681 agas,
2033 4601 2110 4682 quid
2127 4608 2231 4665 noster

1378 4701 1508 4780 Hirtius,
1523 4701 1597 4783 quid
1612 4700 1711 4764 Caesar
1724 4718 1814 4763 meus
1821 4719 1832 4779 ;
1847 4720 1926 4783 quos
1938 4718 2029 4782 spero
2042 4699 2130 4762 brevi
2153 4707 2230 4761 tern-

1377 4817 1452 4880 pore
1461 4799 1605 4862 sooietate
1613 4799 1745 4861 victoriae
1756 4797 2013 4878 tecumcopolntos
2020 4797 2099 4879 scre.
2111 4796 2229 4873 aldem,

1377 4898 1481 4974 lirun,
1494 4897 1515 4958 l.
1537 4895 1559 4972 l,
1583 4915 1633 4978 ep.
1654 4901 1684 4970 5,
1700 4900 1743 4960 2:
1764 4895 1883 4958 «Nunc
1902 4895 1933 4957 id
1955 4913 2116 4977 speramus
2138 4896 2231 4976 idque

1379 4994 1534 5074 molimur,
1551 5003 1585 5057 ut
1597 4995 1674 5071 Rex,
1691 5013 1762 5057 cum
1776 4994 1991 5073 intelligat,...;
2006 4992 2063 5054 nisi
2078 5011 2136 5074 per
2147 5001 2181 5054 te
2194 4993 2231 5053 sit

1378 5095 1550 5171 restitutus,
1562 5093 1709 5156 desertam
1726 5113 1759 5155 se
1776 5100 1869 5174 atque
1884 5092 2028 5174 abjectam
2038 5092 2125 5172 sore,
2141 5091 2232 5172 proli-

1412 5372 1447 5436 (Ξ)
1466 5374 1623 5424 Declamatio
1638 5372 1722 5424 Porcii
1736 5373 1853 5422 Latronis
1868 5372 1896 5422 in
1910 5371 2046 5422 Catilinam
2062 5374 2193 5435 repient-rr
2207 5371 2231 5418 ia

1347 5449 1354 5510 Ι
1380 5453 1444 5504 edit.
1456 5453 1567 5504 Sallustii
1580 5452 1805 5516 llarercumpiana.
