4646 6164
456 541 532 622 392

450 695 675 778 v.529;lll,v.
690 685 1292 772 ae53x111‚v.rar.Namverhagreca,
1353 687 1397 752 tio
1419 690 1529 772 fuerit;
1553 701 1584 757 et
1604 694 1762 760 llattbaeus
1782 699 1894 762 scribat
1913 719 2020 764 omnes
2036 704 2177 785 Apostolos

451 797 532 860 unde
548 801 713 874 utrumque
737 789 863 852 verbum
883 785 1055 859 derivatur,
1077 783 1159 846 idem
1183 781 1295 861 signiti-
1352 786 1536 868 indignatos,
1563 792 1733 858 nescientes
1757 801 1881 877 tropum
1903 800 1956 879 qui
1977 808 2098 864 vocatur
2120 807 2176 866 cll-

450 902 532 972 cant,
545 892 742 971 ιυνειιδέχομαι
766 892 797 949 et
816 884 1057 961 συλλαμόάνομαι.
1081 881 1168 945 Unde
1193 881 1295 944 Divus
1352 886 1439 965 ληψις
1453 889 1532 966 (boc
1547 896 1606 966 est,
1620 892 1789 975 syllepsis),
1804 914 1867 975 quo
1881 902 1912 958 et
1927 914 1983 977 pro
2001 918 2062 964 unc
2074 920 2175 982 omnes,

1050 556 1094 606 DE
1114 552 1287 610 monum
1306 555 1603 614 CONSTRUCTIONE.

450 993 651 1073 Hieronymus
673 987 713 1054 in,
727 983 802 1046 illud
823 983 860 1044 b.
882 981 1025 1057 llattbaei,
1045 981 1163 1059 ΗΜ
1183 978 1284 1043 :ovi-

447 1091 555 1152 dentes
578 1091 682 1148 autem
703 1081 845 1161 discipuli
862 1079 1007 1159 indignati
1027 1085 1118 1158 sunt;
1141 1099 1155 1136 n
1180 1077 1221 1139 ita
1242 1077 1293 1138 in-

446 1186 540 1268 quit:
567 1182 668 1245 «Scio
692 1177 843 1260 quosdam
865 1175 948 1239 hunc
971 1176 1075 1239 locum
1098 1174 1290 1250 calumniari,

446 1301 540 1367 qnare
554 1279 631 1343 alius
643 1275 833 1356 Evangelista
846 1273 957 1337 ludam
971 1274 1071 1336 solum
1085 1273 1195 1335 dixerit
1219 1291 1293 1335 con-

445 1381 606 1455 tristatum,
621 1394 658 1439 eo
670 1373 755 1457 quod
768 1374 886 1435 loculos
899 1371 1044 1447 tenuerit,
1056 1375 1088 1434 et
1108 1369 1157 1434 tur
1170 1371 1209 1432 ab
1232 1369 1289 1434 ini-

1352 990 1384 1044 et
1404 1003 1460 1065 pro
1482 987 1586 1050 multis
1610 1007 1690 1052 unus
1710 992 1859 1072 appellari
1879 994 2018 1058 soleat.»
2039 997 2132 1077 idem,
2149 1003 2175 1064 in

1351 1080 1427 1143 illud
1454 1083 1491 1145 b.
1521 1083 1628 1162 llarci,
1657 1103 1722 1159 nr,
1747 1093 1795 1152 l:
1824 1112 1840 1148 r
1866 1089 1962 1153 Erant
1995 1099 2094 1157 subm
2121 1099 2177 1178 qui-

1350 1178 1422 1242 dam
1445 1180 1571 1261 indigne
1594 1181 1744 1265 terentes3
1773 1206 1788 1244 n
1814 1187 1978 1268 appellavit
2004 1192 2174 1273 synecdochen

1349 1276 1397 1338 his
1418 1278 1538 1340 verbis:
1558 1302 1573 1339 o
1596 1278 1655 1341 Per
1674 1282 1889 1364 synecdochen
1905 1285 2018 1349 dicitur
2039 1307 2112 1352 unus
2128 1309 2192 1372 pru·

1349 1375 1462 1454 multis,
1477 1377 1607 1439 etmulti
1620 1396 1676 1460 pro
1690 1397 1764 1443 uno.
1778 1401 1794 1439 s

1170 1751 1464 1835 PROLEPSIS

495 2039 586 2118 425.
616 2037 805 2140 Prolepsr's
818 2042 875 2114 est
890 2058 979 2133 cum
993 2028 1106 2109 dictio
1127 2026 1263 2130 aliqua
1282 2032 1405 2105 tetum
1425 2027 1654 2136 significans
1668 2035 1876 2137 precessit,
1895 2063 1980 2140 quae
2004 2064 2125 2118 rursus
2140 2038 2173 2117 in

441 2163 613 2270 pertibus
627 2160 856 2266 intelligitur
870 2181 994 2262 neque
1009 2151 1245 2258 explicatur,
1272 2159 1312 2228 ut
1334 2182 1342 2228 :
1365 2153 1446 2230 buo
1468 2181 1576 2258 repes
1596 2158 1760 2236 Romam
1780 2163 2174 2259 anianaemerito

441 2290 558 2385 bello,
575 2286 707 2365 Numa
721 2311 829 2390 pace.

494 2411 636 2509 Livius,
653 2410 680 2488 l.
701 2411 731 2508 l,
753 2434 787 2488 c.
811 2407 855 2488 21
883 2437 891 2484 :
914 2438 935 2478 n
949 2407 1005 2483 lta
1024 2401 1098 2480 duo
1121 2398 1302 2502 deinceps
1328 2425 1449 2503 repca,
1468 2402 1564 2482 alius
1588 2404 1664 2483 elia
1687 2405 1762 2504 via,
1788 2410 1851 2487 ille
1872 2409 1991 2509 bello,
2015 2413 2076 2489 tric
2094 2435 2174 2514 pace

439 2535 633 2617 civitatem
655 2539 894 2613 auxerunt.»
914 2525 1134 2622 Sallustius,
1159 2522 1288 2622 Catil,
1314 2549 1349 2603 c.
1373 2525 1422 2604 58
1443 2557 1452 2605 :
1475 2556 1496 2599 «
1509 2529 1721 2608 Eoeercitne
1734 2530 1903 2610 hostium
1918 2533 2009 2634 duo,
2027 2533 2172 2614 mab

439 2662 556 2760 Urbe,
572 2663 671 2739 ulter
685 2685 707 2737 a
721 2656 846 2737 Gallia
859 2655 1025 2734 obstant.
1043 2683 1063 2723 »

478 2907 577 2971 Dictio
595 2911 695 2971 totum
715 2903 887 2986 significans
908 2907 954 2964 est
971 2919 1066 2982 repen
1086 2903 1198 2980 partes,
1223 2895 1284 2957 Ilo-

439 3007 545 3080 mu-lne,
558 3004 652 3067 Barna
660 3023 674 3080 ,·
686 3002 738 3066 ubi
752 3019 855 3064 rursus
872 2999 1013 3062 Romulus
1027 3016 1094 3073 rec,
1111 2995 1211 3058 Numa
1225 3012 1281 3056 rec

438 3100 603 3164 dicendum
616 3100 684 3176 erit,
699 3100 724 3160 si
735 3099 905 3162 orationem
915 3096 989 3159 velis
997 3096 1148 3175 integram
1162 3093 1275 3155 lacere.

1342 2916 1400 2978 ego
1410 2917 1472 2962 non
1487 2901 1602 2978 multis,
1617 2901 1670 2964 sed
1683 2902 1748 2972 tibi,
1765 2902 1840 2964 salis
1857 2904 1939 2966 enim
1954 2905 2174 2985 magnumuiler

1341 2997 1428 3058 alteri
1448 2997 1601 3061 theatrum
1621 3019 1729 3062 eumne.
1748 3023 1763 3060 r
1785 3001 1912 3078 Plinius,
1933 3003 2171 3081 1.xl,o.at,t:

1345 3116 1361 3154 a
1380 3093 1427 3156 Ex
1446 3094 1566 3160 diverso
1585 3097 1746 3160 convellunt
1767 3098 1870 3160 ultera
1890 3101 2016 3163 alterius
2040 3102 2170 3182 ignarae

479 3197 577 3260 Dictio
598 3216 667 3277 quae
680 3196 824 3278 praecedit
843 3193 907 3256 iere
928 3198 983 3255 aut
1002 3199 1049 3254 est
1071 3190 1193 3273 pluralis
1220 3208 1279 3251 nu·
1339 3191 1421 3269 llaec,
1437 3193 1574 3274 inquam,
1585 3195 1679 3257 etalia
1693 3196 1725 3258 id
1736 3215 1834 3277 genus
1849 3197 2024 3278 implicitam
2035 3197 2172 3280 prolepsin

440 3295 529 3372 meri,
541 3302 595 3357 aut
607 3295 757 3375 pluralem
772 3294 832 3354 vim
843 3292 944 3354 babel.
958 3285 1066 3366 Caesar,
1082 3288 1167 3351 Bello
1182 3287 1278 3366 Gall,

439 3395 461 3456 l.
477 3390 531 3467 lll,
544 3409 573 3453 c.
592 3395 655 3455 30:
675 3390 880 3470 «Eademque
901 3387 950 3450 die
967 3395 1086 3467 uterque
1108 3402 1215 3448 eorum
1235 3403 1273 3447 ex

439 3491 544 3555 castris
557 3490 669 3554 stativis
682 3507 699 3550 a
712 3488 837 3550 llumine
848 3487 931 3568 Apso
942 3484 1110 3548 exercitum
1123 3483 1247 3545 educunt
1260 3501 1272 3542 .·

439 3590 606 3672 Pompeius,
622 3588 744 3650 clamet
756 3592 870 3665 noctu,
886 3583 1000 3661 Caesar,
1016 3582 1117 3665 palem
1127 3588 1218 3662 atque
1230 3579 1280 3642 in-

439 3687 549 3750 terdiu.
560 3708 576 3745 n

478 3785 612 3849 Verbum
625 3785 688 3848 lere
699 3783 842 3848 convenit
851 3800 922 3844 cum
932 3779 1064 3843 dictione
1075 3779 1279 3860 praecedente,

441 3890 474 3944 ut
487 3884 641 3966 proposita
657 3882 797 3963 exempla
815 3880 944 3956 docent3
959 3878 1058 3941 Livius
1072 3883 1173 3939 tamen
1192 3877 1279 3938 aliter

439 3982 559 4045 locutus
572 3988 636 4059 est3
651 3982 673 4043 l.
688 3979 765 4057 XLI,
781 3997 808 4040 c.
826 3979 864 4039 l8
879 4000 886 4040 :
902 3999 917 4037 o
930 3976 1022 4039 Periti
1036 3975 1218 4055 religionum
1227 3975 1278 4053 ju-

438 4079 539 4161 risque
549 4078 673 4159 publici,
689 4077 811 4159 quando
825 4075 887 4138 duo
900 4072 1040 4136 ordinarii
1054 4071 1194 4134 consules
1207 4071 1274 4149 ejus

440 4177 512 4239 anni
527 4177 605 4240 alter
616 4176 742 4252 morbo,
759 4176 838 4236 alter
850 4172 930 4235 terro
942 4171 1093 4252 periisset,
1112 4168 1278 4231 suffectum

440 4275 597 4338 consulem
608 4273 761 4354 negabant
774 4277 856 4334 recte
874 4269 994 4333 comitia
1008 4267 1119 4331 habere
1137 4284 1237 4347 posse.
1259 4287 1297 4324 n·

440 4373 485 4434 Ac
508 4371 679 4447 Sallustius,
699 4370 796 4449 Catil,
813 4389 843 4432 c.
864 4373 906 4430 l:
926 4366 997 4428 «Ea
1021 4370 1202 4446 tempestate
1226 4382 1283 4424 ece-

438 4490 507 4551 pere
529 4491 562 4534 se
585 4471 703 4552 quisque
721 4469 886 4545 extollere;
911 4488 927 4524 1>
955 4465 1112 4544 magisque
1131 4461 1281 4537 Plautus,

440 4569 532 4632 Stich.
548 4575 609 4631 act.
624 4568 713 4643 ll,sc.
730 4569 801 4644 ἣν.
813 4567 870 4628 ιθε

530 4765 608 4817 Aliae
615 4765 897 4828 aliumpercontumur.

441 4948 567 5026 Gellius,
582 4948 603 5008 l.
623 4944 754 5020 x1,0.r
772 4962 780 5006 :
798 4943 1012 5024 «Aspexerunt
1026 4959 1121 5003 omnes
1140 4940 1192 5023 qui
1210 4941 1282 5003 ade-

440 5052 519 5122 rant,
541 5043 729 5108 aliusalium.
741 5062 756 5101 s
768 5040 1022 5122 Seneca,ep.'l‚9
1035 5037 1278 5122 :elleainquit

1343 3289 1468 3371 quidam
1481 3300 1601 3370 vocant,
1612 3294 1643 3354 in
1654 3313 1714 3375 qua
1727 3294 1844 3357 scilicet
1854 3295 1969 3376 aliquid
1983 3295 2079 3372 deest,
2089 3301 2173 3357 toturn

1343 3387 1486 3452 nimirum
1499 3398 1552 3452 aut
1565 3398 1676 3473 partes.
1692 3391 1831 3454 Donatus
1845 3392 1887 3455 ait
1900 3411 1966 3456 esse
1977 3393 2106 3475 priscam
2117 3409 2175 3456 ora·

1343 3484 1471 3551 tionem.

1383 3583 1548 3657 Terentius,
1565 3586 1698 3667 Adelph.
1714 3592 1779 3649 act.
1796 3585 1849 3664 lli,
1863 3605 1907 3648 sc.
1920 3592 1952 3664 l,
1966 3606 1996 3649 v.
2010 3589 2068 3651 63⁷
2079 3605 2087 3648 :

1531 3817 1639 3833 .....
1655 3781 1870 3849 Aperiteulr'puis
1881 3788 1997 3832 actutum
2007 3781 2106 3832 esuum.

1348 3986 1363 4023 o
1376 3964 1444 4024 Vim
1453 3962 1615 4045 pluralem,
1631 3963 1712 4026 idem
1722 3962 1833 4046 inquit,
1844 3961 1938 4024 habet
1951 3963 2177 4044 alr'pnr's,quam·

1342 4061 1387 4124 vis
1402 4060 1594 4141 singulariter
1606 4061 1748 4124 dicatur:
1763 4078 1830 4124 non
1848 4065 1893 4122 est
1910 4060 1993 4122 enim
2012 4057 2115 4139 aliquis
2126 4056 2176 4118 nisi

1343 4160 1382 4222 dc
1400 4159 1501 4222 multis
1508 4178 1518 4239 3
1542 4165 1626 4222 recte
1647 4179 1721 4240 ergo
1745 4159 1873 4240 Aperite
1890 4158 2014 4239 aliquia,
2035 4162 2066 4218 et
2085 4169 2174 4218 nore:

1342 4275 1413 4320 nam
1426 4275 1487 4320 non
1501 4259 1602 4337 placet
1615 4257 1693 4319 illud
1710 4255 1763 4318 ubi
1785 4255 1855 4319 duae
1873 4254 2082 4318 distinctiones
2102 4255 2175 4325 sunt,

1343 4355 1424 4418 unde
1455 4355 1567 4435 aperite
1594 4359 1641 4417 est
1668 4372 1746 4433 une;
1778 4354 1893 4428 altera,
1924 4352 2032 4434 clipeis
2058 4355 2177 4411 ormam

1342 4455 1468 4530 cetium;
1482 4459 1515 4514 ut
1529 4458 1699 4515 assumetur
1712 4469 1817 4514 rursus
1827 4449 1958 4530 aperiat.
1973 4443 2178 4528 Proprieenim

1342 4557 1459 4613 veteres
1468 4557 1498 4612 et
1511 4550 1585 4632 puis,
1597 4556 1629 4611 et
1639 4550 1756 4630 uliquis,
1767 4553 1799 4611 ct
1812 4547 1964 4629 quisquam
1975 4562 2038 4608 non
2047 4545 2179 4608 obsona-

1342 4648 1415 4710 bant
1425 4667 1488 4730 quo
1500 4666 1613 4729 genere
1626 4653 1679 4710 aut
1691 4664 1822 4708 numero
1832 4644 2021 4707 declinarent
2029 4660 2040 4722 ;
2056 4647 2177 4717 asterga

1342 4746 1439 4826 ligura
1449 4745 1617 4826 ἀρχαϊσμός.
1633 4744 1733 4806 ullaec
1748 4743 1810 4805 ille.
1822 4740 1911 4814 Quod
1927 4740 1953 4803 si
1963 4740 1995 4802 id
2007 4756 2112 4801 verum
2124 4739 2176 4809 est,

1341 4843 1424 4906 idern
1437 4843 1476 4906 de
1490 4842 1663 4906 nominibus
1677 4842 1770 4917 alter,
1785 4841 1871 4916 nlius,
1886 4847 1965 4914 ater,
1984 4845 2098 4913 neuter,
2115 4847 2177 4915 qua

1341 4960 1413 5004 cum
1429 4940 1528 5002 verbis
1547 4939 1671 5020 pluralis
1690 4937 1811 5001 numeri
1831 4938 2020 5017 junguntur,
2043 4940 2078 4996 ut
2099 4928 2178 4994 initio

1340 5038 1432 5118 huius
1445 5038 1514 5100 libri
1527 5038 1669 5115 diximus,
1684 5035 1879 5101 scribendum
1895 5039 1953 5097 est.
