4646 6164
1086 483 1130 536 DE
1150 484 1313 536 NOMINUM
1333 484 1572 538 muraenulam.

1181 797 1433 868 EXCEPTIO
1459 799 1492 868 l.

514 981 713 1064 Genitivus
727 990 808 1065 em's
821 987 1078 1092 penultimam
1092 988 1397 1098 habetlongam,
1418 1000 1459 1070 ut
1479 1024 1488 1072 ι
1505 1020 1589 1094 rec,
1608 999 1735 1093 rems,-
1747 997 1880 1096 Sz'rec,
1896 998 2064 1096 Serenae,-

736 1171 818 1269 Ver,
832 1173 932 1272 Iber,
949 1183 988 1254 et
1002 1177 1185 1280 locuptm,
1201 1177 1336 1276 laceres,
1354 1204 1594 1284 mercesque,
1611 1185 1804 1286 quiesque,

724 1296 819 1395 hec,
836 1324 989 1398 vernem,
1006 1301 1127 1400 helec,
1143 1327 1241 1406 seps,
1249 1303 1370 1406 plebs,
1387 1328 1477 1403 rec,
1494 1303 1652 1410 insuper
1664 1307 1792 1386 halec.

459 1498 653 1600 Martialis,
669 1501 697 1580 l.
715 1503 812 1602 VIII,
828 1503 951 1610 epigr.
970 1504 1019 1583 27
1042 1535 1051 1583 ε

853 1705 978 1770 Munera
987 1707 1041 1789 qui
1051 1707 1105 1770 tibi
1117 1708 1170 1770 dat
1183 1709 1333 1790 locupleti,
1349 1710 1466 1788 Gaura,
1480 1713 1619 1795 senique,

895 1803 927 1868 Si
941 1805 1022 1887 sapis
1035 1810 1067 1868 et
1079 1806 1185 1884 sentis,
1201 1806 1252 1870 hic
1263 1808 1316 1870 tibi
1328 1809 1391 1872 ait:
1406 1809 1536 1874 llorere.

1163 2103 1417 2175 EXCEPTIO
1448 2107 1499 2176 ll.

511 2295 607 2373 Item
618 2293 825 2402 peregrina
835 2295 876 2374 in
891 2297 943 2394 et,
958 2303 1002 2375 ut
1016 2295 1189 2396 Mc'clecet,
1208 2307 1246 2378 et
1260 2324 1384 2406 graeca
1398 2299 1439 2379 in
1452 2326 1496 2380 er
1509 2309 1550 2382 et
1562 2327 1616 2401 es,
1633 2310 1678 2382 ut
1692 2301 1845 2402 Crater,
1856 2302 2066 2403 Rhamnes,
2085 2316 2186 2410 tapes,

458 2426 594 2523 prater
607 2445 675 2498 cer
688 2427 726 2499 et
739 2421 873 2499 ether.
891 2419 1095 2528 Virgilius,
1113 2423 1204 2500 AEn.
1223 2424 1251 2521 l,
1270 2450 1309 2502 v.
1326 2423 1404 2502 724
1425 2419 1450 2502 :⁸

858 2621 1003 2686 Crateros
1017 2641 1145 2705 magnos
1155 2630 1304 2703 statuunt,
1320 2632 1352 2688 et
1365 2626 1435 2690 vino
1447 2634 1610 2692 coronent.

458 2802 578 2900 Idem,
596 2803 687 2882 AEn.
705 2803 769 2900 IX,
787 2829 823 2880 v.
843 2802 920 2881 324
938 2833 946 2880 :

1000 3033 1141 3052 .....
1164 2987 1261 3052 Shnul
1273 3006 1347 3054 ense
1360 2989 1528 3072 superbum

854 3085 1047 3148 Rhamnetem
1058 3087 1247 3168 aggreditur,
1263 3087 1317 3170 qui
1329 3087 1406 3151 torte
1421 3087 1564 3168 tapetibus
1578 3085 1646 3150 altis

853 3181 1029 3261 Extractus,
1040 3189 1109 3248 toto
1122 3184 1273 3267 proflabat
1283 3191 1408 3268 pectore
1423 3202 1578 3248 somnum.

499 3415 595 3478 Iberia
606 3415 691 3496 regio
704 3421 750 3478 est
757 3416 846 3495 juxta
854 3415 998 3494 Pontum,
1010 3418 1099 3497 cujus
1112 3416 1220 3480 incolae
1233 3417 1304 3480 Ibe·
1361 3421 1432 3480 sunt
1445 3415 1476 3479 in
1488 3435 1545 3480 usu
1557 3415 1639 3498 apud
1657 3415 1791 3480 Latinos.
1804 3415 1952 3479 Consulto
1963 3415 2186 3497 praetemusims

459 3533 506 3576 res
518 3513 679 3594 dicuntum
691 3514 759 3577 vide
773 3513 916 3593 Plinium,
930 3515 953 3577 l.
967 3515 1018 3592 Vl,
1033 3534 1063 3578 c.
1081 3519 1116 3578 tl
1132 3519 1163 3577 et
1178 3516 1228 3577 12.
1246 3515 1305 3577 Re-
1362 3533 1430 3598 quae
1444 3519 1497 3576 aut
1506 3514 1606 3596 pn'sca
1619 3519 1701 3592 sunt,
1715 3519 1749 3576 ut
1762 3513 1909 3584 Meceues,
1921 3513 2087 3590 Mansuete,
2096 3512 2189 3596 penul·

458 3613 560 3688 ome,
573 3609 643 3687 Ser,
657 3611 758 3692 Byzer
773 3618 974 3676 numerantur
986 3613 1067 3676 inter
1088 3629 1188 3692 gruem
1200 3611 1233 3674 in
1255 3631 1306 3689 er,·
1362 3611 1437 3675 tima
1444 3611 1593 3694 producta
1597 3628 1609 3691 3
1624 3619 1678 3675 aut
1690 3612 1775 3675 nulla
1788 3617 1875 3690 sunt,
1884 3617 1938 3674 aut
1945 3613 1993 3674 vix
2006 3611 2186 3694 reperiuntur,

458 3708 674 3789 potestetlber
686 3709 881 3773 intercadem
899 3710 1069 3774 numerari.
1086 3707 1188 3787 Ὑμην,
1204 3709 1305 3786 ὑμένος
1363 3713 1397 3770 ut
1415 3709 1519 3788 subtel,
1537 3728 1653 3786 meree,
1675 3716 1729 3774 aut
1752 3707 1866 3773 Graecis
1886 3713 2007 3772 tantum
2030 3709 2137 3784 usitata,
2161 3710 2190 3767 ut

458 3825 513 3888 per
527 3829 541 3868 ε
554 3825 572 3869 a
586 3806 695 3870 Graecis
709 3807 858 3871 scribitur.
868 3807 1162 3888 LegeArIstotelem,
1176 3807 1215 3870 de
1225 3806 1303 3871 llist.
1362 3807 1380 3882 ἡ
1403 3806 1525 3890 μύρμηξ,
1540 3827 1690 3890 myrmee.

459 3905 566 3982 anim„
587 3905 609 3967 l.
633 3903 685 3983 lll,
708 3924 738 3968 c.
763 3907 813 3968 13.
832 3905 932 3985 Huius
944 3904 1078 3970 nominis
1098 3904 1217 3986 obliqui
1241 3922 1304 3968 non

1248 4256 1263 4335 I
1289 4259 1349 4336 vel
1375 4257 1422 4336 Y.

513 4489 605 4566 467.
624 4489 719 4578 Ivel
733 4516 760 4596 p
773 4489 1058 4570 incrementum
1073 4489 1268 4597 singulare
1282 4485 1405 4568 tertiae
1418 4485 1689 4568 declinationis
1704 4485 1818 4567 breve
1833 4492 1904 4584 est,
1923 4492 1968 4565 ut
1989 4515 1997 4562 :

728 4695 843 4794 Ordo,
858 4696 983 4800 pupe'l,
1001 4720 1173 4794 carmen,
1190 4718 1317 4797 cespes
1329 4717 1419 4772 oum
1432 4699 1631 4798 sappum,
1641 4695 1839 4798 princepe,

726 4820 776 4899 Et
789 4821 975 4927 chlamys,
994 4828 1105 4925 atque
1121 4820 1297 4924 Clmlpbs,
1308 4817 1411 4921 polle
1447 4876 1527 4896 .....

463 5024 661 5132 Virgilius,
679 5023 817 5132 Georg.
835 5024 865 5123 I,
882 5050 919 5101 v.
938 5023 988 5102 57
1008 5055 1016 5102 :

858 5225 944 5288 India
957 5225 1052 5288 mittit
1062 5225 1149 5305 ebur,
1165 5225 1275 5290 molles
1288 5243 1343 5290 sua
1355 5227 1445 5291 thura
1458 5225 1565 5297 Sabaei,

858 5321 899 5385 At
915 5321 1056 5404 Ctatpoes
1069 5324 1142 5387 nudi
1156 5323 1273 5388 serrum
1277 5371 1339 5389 .....
