4630 6164
488 511 565 590 368
1142 536 1378 587 consruucuo
1399 534 1579 587 snvnssu.

484 699 583 769 sarra,
603 696 775 767 rursum,
793 673 1003 747 introrsum
1016 669 1075 748 vel
1093 673 1298 768 introrsus,
1316 680 1527 747 retrorsum
1541 668 1602 746 vel
1621 678 1830 768 retrorsus,
1851 694 2145 775 quoquoversum
2160 671 2214 750 vet

486 819 783 901 quoquoversus.

537 917 754 1018 Terentius,
772 919 911 1022 Hecyr.
929 923 1004 995 eet.
1022 917 1086 1016 111,
1102 941 1156 996 sc.
1175 918 1214 1015 4,
1231 943 1268 994 v.
1287 917 1389 994 450:

885 1075 1016 1138 Hereum
1031 1081 1174 1158 pergunt.
1263 1055 1267 1062 ’

488 1212 607 1309 tdem,
624 1209 803 1290 Eunuch.
822 1219 898 1290 act.
917 1213 963 1309 11,
982 1236 1036 1290 sc.
1051 1213 1114 1309 111,
1132 1238 1169 1288 v.
1189 1209 1263 1288 277
1284 1241 1292 1288 :

880 1365 939 1431 Sex
953 1386 1011 1448 ego
1023 1373 1055 1431 ts
1067 1373 1162 1445 totos,
1176 1366 1338 1442 Parmeno,
1352 1365 1408 1428 hos
1421 1383 1541 1430 memes
1553 1365 1693 1449 quietum
1704 1365 1830 1430 reddum
1844 1387 1852 1430 :

883 1465 928 1530 Ne
940 1485 1069 1543 sursum,
1080 1464 1214 1528 densum
1229 1464 1368 1527 cursites.

950 1802 1020 1882 ur
1052 1827 1124 1907 pro
1162 1802 1472 1901 rosrousn,
1514 1801 1772 1898 ouonouo

540 2038 633 2119 400.
669 2037 715 2118 tu
735 2064 803 2145 pro
817 2054 1024 2148 postquam
1044 2040 1299 2121 indicativum
1320 2040 1431 2147 petit.
1459 2041 1607 2140 Cicero,
1634 2044 1734 2141 Att,
1758 2043 1786 2120 1.
1804 2042 1886 2138 Vll,
1909 2066 1971 2146 ep.
2000 2041 2063 2140 15,
2086 2041 2102 2117 1
2122 2071 2130 2117 :
2149 2071 2168 2112 a
2182 2040 2218 2119 dt

488 2164 536 2246 ub
569 2162 673 2245 Urbe
704 2167 873 2265 dalscessz,
907 2166 1060 2245 nullum
1089 2166 1214 2246 adhuc
1243 2164 1434 2246 intermisi
1463 2164 1584 2265 diem,
1615 2163 1709 2269 quin
1733 2163 1876 2270 aliquid
1904 2164 1953 2244 ud
1979 2171 2016 2245 te
2046 2163 2216 2244 literemn

630 2349 638 2366 .
653 2320 673 2361 ))

485 2289 649 2492 daidldlm
665 2436 732 2517 pro
747 2415 933 2518 quomodo
947 2439 1036 2492 cum
1047 2416 1213 2519 quedam
1225 2413 1478 2494 admiratione
1492 2445 1501 2492 :
1515 2411 1620 2492 ldem
1631 2414 1678 2492 sd
1690 2412 1886 2511 eumdem,
1899 2414 1927 2491 l.
1940 2413 2022 2512 Vll,
2036 2438 2096 2518 ep.
2109 2412 2167 2510 21,
2181 2413 2214 2487 1;

492 2567 513 2610 «
541 2537 679 2617 Cnaeus
708 2543 850 2638 noster,
881 2562 902 2616 o
931 2562 1014 2617 rem
1039 2537 1220 2618 miserum
1247 2545 1285 2620 et
1312 2536 1597 2636 incredibilem,
1626 2548 1669 2614 ut
1695 2543 1795 2616 totus
1809 2539 1944 2641 jacet!
1971 2568 1993 2611 »
2023 2534 2215 2630 Terentius,

486 2660 667 2742 Eunuch.
686 2667 762 2741 oct.
781 2662 827 2762 11,
845 2687 898 2743 sc.
917 2661 957 2762 3,
973 2690 1009 2740 v.
1029 2663 1105 2742 274
1127 2692 1135 2742 :

893 2820 934 2884 tlt
946 2820 1041 2884 totsus
1052 2821 1146 2884 enimi
1160 2818 1221 2883 est!

1345 3136 1413 3216 UT

543 3369 631 3447 Post
645 3365 716 3446 hes
730 3391 857 3464 voces,
874 3365 981 3463 adeo,
999 3368 1069 3464 ita,
1084 3369 1156 3466 sa'r,
1173 3378 1268 3464 tam,
1286 3368 1384 3465 tatas,
1402 3376 1546 3464 tantus,
1564 3376 1630 3465 tot,
1648 3364 1728 3446 fere
1742 3389 1944 3470 nunquam
1960 3356 2218 3470 poniturquod‚

491 3491 556 3573 sed
570 3503 613 3570 ut
627 3516 719 3572 cum
734 3488 995 3595 subjunctivo,

545 3615 691 3715 Cicero,
710 3639 778 3720 pro
795 3614 836 3694 C.
854 3610 1002 3711 Robir,
1017 3639 1052 3692 c.
1076 3611 1137 3712 10,
1155 3613 1205 3691 28
1228 3643 1237 3692 :
1261 3613 1450 3693 «Adeone
1469 3612 1607 3717 hospes
1622 3610 1776 3718 hujusce
1793 3608 1914 3709 urbis,
1929 3609 2076 3689 adeone
2088 3607 2223 3715 ignarus

492 3765 532 3820 es
550 3738 764 3844 disciplinae
784 3734 1149 3842 consuetudinisque
1169 3744 1323 3835 nostrae,
1340 3748 1384 3815 ut
1398 3735 1480 3817 haec
1499 3733 1706 3815 nesciaet»
1724 3733 1845 3833 Idem,
1864 3733 2038 3832 Tuscul.,
2055 3732 2081 3809 1.
2099 3732 2125 3829 l,
2141 3756 2172 3811 c.
2189 3727 2220 3826 6,

496 3862 543 3942 12
562 3894 571 3941 :
594 3893 616 3936 a
630 3864 717 3943 Non
732 3887 818 3942 sum
829 3865 884 3942 ita
895 3859 1029 3961 hebes,
1046 3871 1091 3939 ut
1103 3858 1205 3939 istud
1220 3861 1359 3941 droam.
1377 3893 1398 3932 »

1211 4219 1518 4314 ANTEQUAM

548 4446 639 4526 401.
669 4451 897 4554 Antequam,
916 4454 999 4526 tum
1013 4446 1245 4551 indicativis,
1265 4459 1346 4530 tum
1363 4448 1618 4557 conjunctivis
1628 4448 1819 4557 jungitur.

546 4571 759 4671 Terentius,
777 4571 899 4652 Andr.
918 4579 994 4652 act.
1013 4573 1062 4670 11,
1079 4599 1133 4654 sc.
1153 4575 1191 4674 2,
1209 4602 1244 4653 v.
1265 4575 1341 4654 312
1360 4605 1369 4653 :

890 4729 999 4794 Omnis
1012 4731 1143 4814 experiri
1160 4740 1279 4797 certum
1295 4739 1354 4810 est,
1369 4742 1524 4816 antequam
1541 4733 1580 4815 (1)
1591 4751 1690 4814 percu

496 4862 642 4965 Cicero,
661 4889 728 4970 pro
743 4864 918 4964 Murena,
932 4890 968 4945 c.
990 4865 1026 4966 1,
1045 4865 1068 4945 2
1087 4897 1096 4945 :
1120 4867 1370 4974 «Antequam
1391 4893 1460 4973 pro
1479 4867 1640 4946 Murena
1660 4864 1785 4945 dicere
1807 4867 1976 4963 r'rrstituo,
1999 4889 2067 4970 pro
2087 4888 2144 4942 me
2157 4860 2221 4964 ipso

496 4989 775 5096 peucodicsm.
793 5021 813 5064 s
834 4989 954 5090 ldem,
974 4989 1123 5092 tPhit.,
1136 5017 1171 5071 c.
1194 4994 1230 5092 1,
1252 4993 1266 5069 1
1291 5020 1340 5070 z«
1355 4993 1567 5098 Antequam
1581 4991 1630 5071 de
1644 4986 1858 5096 republica,
1872 4990 2004 5070 Patres
2024 4979 2220 5091 conscripti,
2295 5009 2297 5076 t

529 5367 564 5434 (1)
582 5365 611 5418 lu
621 5365 906 5419 amulbustthrtntdeo
915 5365 1085 5435 priusquam.
