4646 6164
490 577 566 657 386
1085 609 1128 660 on
1149 609 1321 660 sueonum
1340 609 1640 662 cousrnucrroua.

488 735 527 798 ad
540 735 687 813 Macrum,
701 755 750 817 ep.
765 738 823 798 18:
841 737 948 799 «Bene
961 743 1009 800 est
1017 737 1101 815 mibi,
1113 739 1183 820 quia
1195 738 1249 800 tibi
1263 738 1330 800 hene
1392 737 1494 802 ctione
1514 739 1648 801 adverbii
1661 739 1779 801 dictum
1797 745 1854 801 est.
1877 737 2014 800 Verbum
2032 738 2104 800 loco
2117 738 2227 820 interje-

489 839 576 897 est.»
595 834 709 911 Cicera,
729 834 807 910 Aa„
824 835 846 896 l.
870 834 935 913 XV,
959 854 1009 916 ep.
1031 837 1081 913 re,
1104 835 1330 899 lraAutonio
1392 837 1501 899 ationis
1534 835 1727 898 blandientis.
1763 835 1849 898 Idem
1883 834 1922 916 ed
1956 833 2114 912 eumdem,
2148 836 2169 898 Ι.
2197 838 2226 912 t,

496 932 574 994 male
591 932 648 1009 sit,
665 932 688 993 si
700 932 824 1012 quidem
838 932 1002 996 Buthrotiis
1015 934 1160 996 molestus
1177 941 1231 996 est.
1247 955 1262 992 o
1281 933 1331 995 Sic
1393 953 1442 1014 ep.
1460 938 1509 1013 1“1,
1525 936 1563 995 l:
1584 933 1718 996 ahmam
1733 943 1772 1011 tc,
1784 934 1928 996 incumbe
1938 932 1969 994 iu
1983 950 2052 994 eam
2066 951 2143 1012 rem,
2158 943 2187 998 et
2196 934 2225 996 ul

494 1039 554 1107 sot,
576 1031 659 1106 satia,
673 1029 797 1108 abunde,
814 1032 943 1112 partim,
965 1032 1002 1093 de
1015 1031 1126 1112 quibus
1138 1033 1170 1093 in
1190 1031 1332 1094 Constrn-
1393 1049 1443 1092 me
1461 1030 1569 1093 scribe.
1585 1051 1601 1088 u

545 1250 637 1330 420.
669 1250 730 1330 Fit
744 1252 861 1332 etiam
876 1253 1052 1360 enallage
1066 1279 1135 1357 per
1148 1251 1335 1332 attribute
1349 1251 1518 1358 partium
1533 1248 1730 1330 orationis.

540 1377 612 1456 Per
633 1403 744 1455 casus
767 1410 775 1454 ε
801 1376 947 1476 Cicero,
971 1403 1038 1481 pro
1060 1379 1163 1458 Sext.
1188 1379 1318 1475 Rosa,
1336 1402 1371 1456 c.
1390 1376 1429 1474 6,
1451 1376 1497 1452 17
1519 1406 1527 1453 :
1551 1407 1572 1448 «
1586 1378 1669 1455 Duo
1688 1375 1750 1454 isti
1770 1384 1876 1473 sunt,
1894 1376 1968 1455 Titi
1983 1377 2121 1476 Roscii,
2138 1403 2226 1482 quo-

491 1527 577 1580 rum
593 1501 704 1580 elteri
718 1503 895 1604 Capitoni
906 1527 1121 1608 cognomen
1137 1508 1207 1581 est.
1224 1533 1245 1574 ›>

545 1626 618 1704 Per
640 1650 822 1705 numeros
846 1657 854 1703 :
881 1625 1043 1724 Plinius,
1060 1627 1088 1705 l.
1107 1628 1156 1725 X,
1175 1653 1209 1704 c.
1229 1625 1295 1724 91,
1320 1627 1336 1701 1
1367 1656 1376 1701 :
1399 1656 1419 1697 α
1439 1626 1482 1702 lu
1502 1622 1635 1704 Africa
1657 1621 1781 1728 major
1799 1651 1896 1729 pars
1919 1627 2087 1706 terarum
2110 1635 2223 1706 estate

493 1773 570 1828 non
583 1749 713 1828 haheat
726 1749 858 1855 inopia
872 1750 1069 1828 imbrium.
1086 1782 1108 1824 »

543 1874 616 1953 Per
629 1874 761 1953 modos
778 1906 786 1952 :
804 1875 1019 1972 Terentius,
1036 1875 1159 1953 Andr.
1178 1881 1253 1954 act.
1273 1875 1319 1971 ll,
1335 1896 1388 1951 sc.
1406 1873 1446 1969 4,
1463 1899 1501 1949 v.
1521 1871 1596 1950 398
1613 1901 1621 1948 :

862 2067 923 2130 Sed
937 2067 1001 2130 site
1014 2086 1102 2150 equo
1114 2067 1217 2131 animo
1228 2065 1308 2129 terre
1319 2065 1448 2146 acepiet,
1465 2063 1673 2144 negligentem
1686 2066 1803 2146 feceris.

546 2235 690 2334 Cicero,
709 2238 808 2335 hrt,
827 2237 855 2314 l.
872 2237 919 2336 ll,
936 2264 996 2341 ep.
1019 2238 1084 2336 11,
1102 2237 1124 2314 ii
1143 2265 1152 2313 ε
1175 2267 1196 2308 «
1209 2235 1433 2337 Respiraro,
1451 2233 1482 2311 si
1499 2242 1534 2312 te
1548 2234 1691 2314 ardere.
1709 2266 1730 2308 »

465 2413 471 2426 ·
536 2363 608 2441 Per
625 2369 796 2465 tempore
815 2392 823 2439 :
841 2360 959 2462 idem,
977 2363 1089 2442 Verr.
1109 2369 1182 2447 aa.
1201 2362 1247 2459 ll,
1263 2361 1291 2438 l.
1310 2361 1340 2458 l,
1358 2385 1392 2439 c.
1412 2359 1478 2458 23,
1495 2361 1540 2438 or
1564 2391 1572 2438 :
1596 2390 1618 2432 «
1633 2363 1764 2441 Unum
1779 2361 1939 2441 ostende
1955 2361 1995 2439 in
2012 2362 2150 2442 tabulis
2168 2369 2224 2442 aut

485 2485 557 2564 tuis
571 2494 637 2564 eut
652 2485 771 2589 patris
783 2484 838 2563 tui
852 2495 1029 2593 emptum
1045 2512 1146 2586 esse,
1164 2488 1299 2564 orer'str‘.
1316 2513 1338 2556 »

518 2754 657 2814 Portium
669 2752 815 2814 attributa
830 2750 1329 2833 appellanturoccidentia‚casus,
1390 2766 1419 2811 c.
1440 2751 1478 2809 33
1501 2767 1509 2810 :
1535 2749 1646 2811 altrat
1662 2757 1729 2813 tum
1748 2750 1779 2813 in
1801 2751 1906 2814 cestris
1922 2751 2003 2814 inter
2024 2752 2167 2833 primores
2184 2753 2228 2831 ju

483 2868 640 2926 numerus,
652 2868 762 2929 genus,
777 2868 920 2931 persona,
932 2856 964 2913 et
977 2858 1096 2914 caetera.
1113 2849 1212 2928 Hujus
1225 2847 1332 2926 figure
1388 2863 1501 2908 venum
1527 2844 1562 2907 (l.
1595 2846 1717 2908 llartius
1739 2846 1938 2925 adolescens,
1963 2855 1996 2910 et
2025 2848 2168 2926 consilio,
2201 2851 2230 2908 et

482 2947 636 3011 beneficio
652 2948 770 3010 solvent
785 2948 872 3028 pueri
885 2948 985 3011 varios
998 2946 1097 3010 nodos
1114 2945 1226 3026 quibus
1241 2943 1334 3004 inter·
1389 2961 1484 3006 manu
1497 2950 1671 3025 promptus,
1691 2945 1742 3007 cui
1760 2963 1933 3025 cognomen
1953 2954 2060 3026 postea
2079 2945 2231 3008 Coriolano

483 3043 560 3105 dum
583 3044 738 3106 constricti
757 3051 916 3122 tenentur,
931 3044 1064 3106 maxime
1084 3061 1155 3105 curn
1174 3042 1206 3103 in
1226 3047 1334 3120 poetas
1389 3038 1458 3103 luit.
1481 3062 1496 3098 u
1517 3040 1635 3103 Dicitur
1655 3042 1748 3103 etiem
1765 3064 1773 3104 ε
1793 3042 1852 3104 Est
1864 3043 1938 3104 mihi
1953 3043 2100 3105 Faustulo
2120 3059 2227 3103 nomeu

483 3141 657 3204 inciderint.
673 3141 827 3220 Virgilius,
842 3142 914 3204 AEn.
929 3141 981 3218 Vl,
993 3160 1023 3202 v.
1039 3143 1100 3203 836
1115 3159 1124 3202 ε
1390 3138 1486 3216 ldem,
1501 3140 1524 3202 l.
1539 3137 1563 3216 1,
1578 3158 1607 3201 c.
1619 3142 1639 3199 1
1653 3157 1660 3201 :
1680 3139 1852 3202 ‹Faustrdo
1865 3139 1958 3203 luisse
1968 3158 2082 3204 nomen
2094 3141 2227 3204 lerunt.»

500 3311 503 3321 Ι
1391 3236 1531 3312 Plautus,
1547 3235 1649 3298 Gistel.
1663 3242 1723 3298 act.
1736 3235 1759 3313 l,
1774 3255 1819 3300 sc.
1831 3241 1861 3314 3,
1876 3240 1937 3299 nti
1952 3261 1959 3300 z

546 3312 645 3376 Projioe
655 3313 707 3363 tela
716 3325 804 3376 manu,
818 3311 930 3378 sanguis
942 3324 1025 3363 meus.

484 3463 582 3540 ldem,
595 3463 670 3525 AEn.
682 3461 759 3540 vill,
770 3481 799 3524 v.
811 3465 850 3522 'l'l
868 3484 876 3525 ε

1402 3359 1404 3368 ¹
1452 3397 1515 3447 Nam
1525 3399 1560 3446 ml
1569 3395 1729 3448 esthuaiiio
1738 3409 1842 3448 nomen.

1388 3546 1489 3609 llalim
1504 3553 1608 3609 umen
1626 3546 1678 3609 bic
1698 3547 1888 3611 nominativo
1911 3547 1956 3609 uti
1978 3547 2063 3611 :Est
2085 3547 2158 3610 mibi
2180 3563 2236 3608 no-

547 3635 673 3698 corniger
687 3633 857 3698 Hesperidum
870 3630 968 3698 illvm
981 3639 1103 3698 ‘etnim‘
1116 3645 1255 3696 uquarum,
1389 3661 1460 3707 men
1475 3644 1649 3720 Faustulus,
1664 3645 1821 3706 Auxilium
1828 3662 1843 3722 ,·
1861 3663 1924 3725 quo
1941 3643 2038 3708 modo
2056 3642 2237 3726 frequentis·

546 3714 623 3764 ΑΜ
634 3719 769 3764 aunuum.
1389 3739 1465 3804 sime
1477 3740 1744 3822 loquiturCicero3
1760 3761 1817 3823 pro
1830 3740 1954 3820 Ceoin„
1965 3760 1995 3804 c.
2013 3745 2063 3820 10,
2077 3744 2115 3802 it
2130 3758 2141 3802 ε
2159 3739 2239 3801 alr·

485 3857 653 3939 Utrobique
674 3855 855 3921 nominandi
877 3877 933 3938 pro
957 3858 1087 3922 vocandi
1109 3877 1197 3922 cesus
1218 3859 1333 3940 positus
1391 3839 1545 3918 &eulalius
1560 3838 1631 3901 Sex·
1647 3838 1784 3916 Clodius,
1795 3839 1845 3901 ⁰¹¹5
1854 3856 1974 3901 ‘¹⁰⁰¹OE
1987 3845 2035 3902 0⁸1
2049 3839 2236 3901 Pllffllffl

487 3963 546 4019 est,
562 3955 658 4033 taem,
672 3956 743 4018 ΕΠ,
758 3955 810 4035 lll,
825 3976 854 4017 v,
870 3959 930 4018 293
946 3975 954 4017 :
1389 3935 1488 4013 idem,
1504 3936 1589 3998 Verr.
1611 3941 1672 3999 act.
1693 3935 1768 4012 11,1.
1785 3935 1881 4012 lise.
1897 3939 1948 4014 53,
1965 3939 2024 4000 118
2040 3956 2050 4000 :
2071 3957 2086 3996 ι
2104 3936 2163 4000 Fet
2176 3935 2242 4000 tons

1389 4050 1477 4114 uque
1489 4031 1599 4110 dulcis,
1612 4033 1662 4096 cui
1676 4050 1790 4095 nomen
1804 4033 1955 4096 Arethusa
1969 4040 2053 4096 est.»
2068 4033 2244 4110 Terentius,

550 4148 660 4165 .....
676 4112 777 4164 Celsum
785 4113 907 4164 Buthroti
919 4114 1066 4166 accedimus
1078 4113 1178 4165 urtam.
1390 4131 1422 4191 jn
1435 4131 1564 4210 prologo
1578 4129 1703 4211 necyn,
1714 4149 1743 4192 v·
1760 4136 1772 4193 ¹
1793 4153 1802 4193 :

489 4257 644 4348 §enitivus
657 4275 713 4338 pro
728 4259 915 4336 accusativo,
924 4258 1105 4320 Buthrotum
1115 4257 1226 4320 urbem.
1235 4257 1332 4334 idem,
1452 4291 1557 4356 ,mm
1568 4291 1677 4342 „stuic
1688 4303 1783 4344 nome,
1796 4290 1899 4342 ,mula

488 4351 559 4416 AEn.
575 4354 611 4430 V,
628 4373 658 4416 v.
674 4356 752 4416 att:

1393 4433 1531 4510 Plautus,
1547 4435 1694 4498 llenecb.
1711 4441 1771 4498 not.
1786 4434 1824 4512 ll,
1839 4453 1883 4498 sc.
1897 4438 1927 4510 9,
1942 4453 1974 4496 v.
1987 4437 2007 4498 9
2023 4454 2031 4498 :

551 4513 653 4564 (iratior
665 4519 692 4564 et
702 4513 809 4577 pulchro
819 4513 927 4564 veniens
939 4514 1190 4579 incorporaremus,

1454 4593 1500 4644 Est
1513 4594 1575 4644 mihi
1586 4593 1759 4646 Meooechmue
1771 4607 1875 4646 nomen.

488 4655 620 4720 ablativo
639 4675 714 4719 usus
732 4662 779 4718 est
798 4675 855 4737 pro
878 4657 1067 4733 accusativo,
1088 4662 1128 4719 ut¹
1144 4656 1237 4720 decet
1253 4655 1321 4719 Non

489 4753 781 4831 umebmgn,
986 4784 988 4792 ,
1090 4776 1127 4804 t.
1392 4737 1478 4801 ldem
1502 4745 1608 4802 muron
1630 4737 1793 4820 inhmpb.
1813 4738 1959 4820 prologo,
1979 4757 2010 4802 v.
2035 4741 2092 4816 19,
2115 4737 2249 4833 iuterro-

529 4851 589 4912 Ert
615 4850 690 4912 mihi
718 4869 874 4931 cognomen
896 4849 1051 4933 Capitoni,
1081 4852 1247 4932 Africano,
1276 4850 1338 4914 lre-
1393 4835 1485 4916 tandi
1498 4855 1570 4898 0³⁵⁰
1584 4853 1657 4898 ¹¹⁵⁰⁵
1670 4841 1718 4898 ‘Sl
1734 4857 1753 4899 Γ
1880 4839 1885 4867 “’
1951 4833 1953 4842 ’

490 4947 636 5029 quentius
649 4953 680 5010 et
695 4947 866 5027 elegantius
878 4947 992 5012 dicitur
1010 4966 1103 5030 quom
1119 4947 1233 5030 Capito,
1248 4949 1337 5030 Afri-

490 5062 590 5109 canus.
618 5047 743 5125 Cicero,
770 5046 856 5110 terr.
883 5054 944 5111 eet.
970 5048 1018 5125 ll,
1046 5049 1068 5112 l.
1089 5047 1130 5126 ll,
1159 5067 1188 5112 e.
1211 5051 1241 5126 ’1,
1266 5051 1335 5111 ro:

495 5165 512 5205 a
536 5143 638 5216 Quidt.
661 5145 706 5208 lle
729 5145 912 5226 Apollonio,
939 5145 1039 5211 Diocli
1070 5146 1158 5223 lilio,¹
1182 5146 1338 5210 Panormi·
1395 5141 1588 5205 Gremmatici
1606 5139 1902 5224 antiptoriuproprie
1916 5136 2088 5236 appellunt,
2105 5157 2253 5202 eumeu-

492 5248 576 5319 teno,
589 5242 639 5304 cui
650 5242 768 5307 Gemiao
778 5251 1023 5325 cognomenest,
1030 5245 1176 5326 preteriri
1186 5247 1306 5326 potest?
1317 5254 1340 5303 »¹
1393 5259 1444 5303 sus
1463 5257 1519 5320 pro
1536 5259 1608 5303 cusu
1625 5239 1767 5321 ponitur,
1787 5257 1887 5319 genus
1904 5253 2018 5317 genere
2035 5241 2253 5319 pennutatur.

491 5337 603 5419 livius,
618 5340 639 5402 l.
655 5338 706 5416 Ν,
720 5360 749 5404 c.
767 5343 804 5403 13
821 5363 830 5404 :
849 5339 1002 5421 «Collega
1014 5342 1138 5405 additur
1153 5341 1181 5406 ei
1201 5343 1336 5425 Agrippa
1393 5336 1520 5414 Plinius,
1544 5337 1567 5399 Ι.
1589 5335 1695 5414 XVlll,
1717 5354 1746 5399 c.
1766 5337 1805 5398 81
1827 5353 1836 5397 :
1855 5333 1972 5398 «Nube
1993 5333 2125 5414 gravide
2150 5331 2254 5397 eandi-

492 5429 660 5508 lleuenius,
672 5433 722 5497 cui
732 5433 849 5496 Lunata
862 5433 1286 5514 erutoognomen.»ldem,1.
1296 5435 1334 5514 ll,
1394 5443 1497 5512 conte,
1518 5435 1596 5518 quod
1616 5441 1727 5497 uocant
1752 5437 1965 5514 tempestatem
1984 5431 2106 5510 albem,
2134 5433 2255 5515 pundo

1456 5036 1463 5049 .
1482 5035 1489 5050 .
1505 5033 1514 5050 .
1533 5033 1539 5047 .
1558 5033 1565 5046 .
1582 5000 1681 5050 Nomen
1696 4998 1822 5050 beturii
1836 5005 1878 5051 est
1891 4998 1964 5050 mibi.
1987 5051 1990 5059 ,
