4646 6164
494 515 571 593 420
1090 547 1134 598 os
1154 547 1381 600 suunsssnurr
1402 546 1626 599 orusssroun.

494 673 692 782 Virgilius
710 678 801 756 AEn.
819 676 901 774 Xll,
918 703 954 754 v.
973 675 1051 755 902
1069 708 1079 756 z

889 879 986 944 Altior
997 880 1168 962 insurgens,
1180 887 1211 945 et
1221 901 1314 946 cursu
1324 887 1452 946 concitus
1467 882 1568 946 heros.

495 1054 664 1154 Ovidius,
681 1056 728 1135 de
743 1055 904 1157 invidio,
921 1057 1076 1137 Metam.
1094 1061 1140 1158 ll,
1159 1083 1194 1136 r.
1215 1058 1291 1137 779
1311 1089 1319 1136 :

889 1257 952 1322 Nec
965 1258 1076 1327 fruitur
1091 1277 1201 1323 somno
1215 1260 1409 1342 vigilantibus
1422 1265 1520 1323 excito
1530 1260 1622 1325 curis.

548 1438 672 1515 Cotum
688 1461 778 1516 vero
793 1462 816 1516 o
830 1463 902 1536 eoo,
918 1437 1043 1541 quarti
1057 1437 1218 1536 ordinis,
1231 1444 1398 1544 priorem
1415 1438 1604 1543 producit,
1620 1438 1916 1538 undecoom'tus,
1929 1449 2085 1534 eoecitos,
2097 1441 2205 1543 penui-

495 1563 589 1642 tima
603 1561 732 1669 longo.
749 1563 943 1660 Lucanus,
961 1561 989 1640 Ι.
1006 1562 1054 1662 V,
1073 1590 1110 1640 v.
1129 1561 1204 1640 597
1225 1593 1233 1641 :

887 1763 960 1827 inde
973 1770 1068 1827 ruunt
1080 1771 1146 1828 toto
1159 1773 1272 1828 conata
1284 1765 1419 1846 pericula
1434 1765 1562 1830 mundo.

495 1928 612 2026 idem,
632 1930 658 2007 Ι.
678 1931 707 2026 Ι,
725 1955 761 2006 v.
782 1925 885 2005 239:

887 2112 989 2194 Rupta
1001 2111 1089 2194 quies
1098 2111 1204 2194 populi
1214 2112 1376 2195 stratisque
1389 2123 1486 2178 sumto
1495 2123 1651 2196 juventus.

1195 2375 1458 2450 APPENDIX
1483 2378 1530 2448 ΙΙ.

546 2547 628 2628 Boo
642 2573 744 2629 nunc
758 2547 851 2629 inuit
865 2554 1012 2628 rustum
1023 2548 1179 2655 supiuo;
1195 2549 1328 2655 priscis
1342 2549 1619 2630 seculismitom
1632 2549 1735 2649 iecit,
1750 2549 1853 2630 unde
1867 2549 2205 2654 erstantoomposita

494 2674 681 2768 dirutum,
697 2677 863 2774 ersitum,
878 2674 1071 2753 obrutum.
1087 2673 1259 2773 Ovidius,
1276 2701 1339 2780 ep.
1361 2677 1397 2774 Ι,
1414 2703 1451 2755 v.
1471 2675 1514 2753 51
1538 2705 1547 2752 z

889 2859 1003 2922 Dr'rtto
1016 2865 1088 2923 sunt
1099 2856 1177 2938 aliis,
1192 2859 1246 2923 uni
1256 2859 1331 2923 mihi
1348 2860 1496 2942 Pergamo
1509 2867 1633 2925 rostuut.

494 3019 691 3127 Virgilius,
708 3021 798 3100 AEn.
817 3021 883 3120 XI,
901 3049 938 3103 v.
956 3021 1032 3101 279
1051 3051 1060 3100 :

888 3203 952 3268 Neo
963 3204 1037 3267 mihi
1051 3223 1124 3268 oum
1135 3203 1258 3268 Teucris
1270 3203 1368 3268 ullum
1384 3210 1452 3287 post
1464 3209 1552 3267 emito
1566 3204 1680 3269 beilum

889 3302 1049 3382 Pergamo.

1186 3561 1450 3635 ΑΡΡΕΝΒΙΧ
1476 3562 1543 3633 ΙΙΙ.

549 3741 697 3819 Statum
709 3737 855 3817 videtur
868 3736 1033 3843 priorem
1049 3737 1192 3818 habere
1206 3761 1468 3836 communem,
1483 3735 1573 3816 inde
1588 3736 1693 3816 enim
1707 3747 1843 3836 status,
1855 3763 1915 3834 us,
1931 3744 1969 3817 et
1982 3743 2105 3830 stritus,
2117 3758 2210 3830 apro

498 3863 623 3969 priore
647 3861 753 3942 brevi
785 3860 978 3960 oriuntur,
1002 3869 1042 3939 ot
1065 3861 1277 3966 composito
1306 3886 1391 3967 quae
1413 3886 1483 3966 per
1503 3864 1522 3938 i
1541 3859 1768 3961 efferuntur,
1788 3861 1912 3966 ipsum
1938 3857 2156 3964 corripiunt,
2179 3861 2211 3930 ut

494 3995 723 4091 prostituto.
748 3985 916 4085 Ovidius,
934 3987 1035 4064 Fosi.
1052 3986 1102 4084 V,
1120 4013 1157 4064 v.
1176 3985 1248 4064 33:

891 4173 946 4237 ilio
955 4177 1049 4236 stritus
1062 4171 1093 4234 in
1104 4172 1182 4235 coelo
1194 4170 1307 4234 multos
1319 4170 1488 4251 permansit
1499 4169 1530 4232 in
1544 4186 1650 4232 annos.

502 4340 621 4437 ldem,
638 4339 740 4418 Fosi.
760 4339 788 4436 l,
804 4362 841 4414 v.
859 4335 936 4416 660
954 4365 963 4413 :

889 4519 985 4598 iiuss,
998 4509 1074 4601 quid
1085 4534 1102 4578 a
1113 4515 1196 4579 iustis
1206 4531 1268 4579 non
1280 4517 1359 4576 sotto
1372 4532 1457 4577 sacro
1472 4511 1568 4595 petis?

552 4692 645 4772 lodo
660 4689 779 4771 etiam
792 4702 976 4788 stolonis,
999 4698 1240 4767 constaturus
1261 4692 1300 4765 et
1322 4711 1405 4790 quae
1428 4709 1497 4789 por
1518 4711 1542 4764 o
1563 4683 1787 4782 efferuntur,
1805 4685 1981 4766 eamdem
2005 4685 2207 4792 producunt.

501 4820 692 4918 Lucanus,
709 4820 737 4898 Ι.
754 4820 817 4918 ΙΙΙ,
834 4845 871 4896 v.
890 4815 961 4896 381
986 4847 995 4894 :

892 5011 976 5073 Tunc
986 5027 1034 5074 res
1045 5009 1193 5072 immenso
1205 5002 1320 5087 pincuit
1330 5012 1448 5066 statura
1462 5002 1577 5067 labore.

503 5183 696 5284 Martialis,
715 5185 741 5263 Ι.
760 5185 808 5284 X,
827 5181 947 5290 epigr.
965 5181 1032 5278 ΙΙ,
1048 5207 1084 5258 v.
1101 5181 1148 5258 5:

894 5375 1070 5440 Constatura
1084 5371 1142 5436 suit
1154 5371 1332 5453 Megalensis
1343 5385 1477 5452 purpura
1491 5373 1629 5430 eentum.
