4708 6166
453 625 479 702 4
1061 653 1106 706 nn
1136 653 1298 707 uouvnuu
1326 650 1593 704 occultaremus.

451 801 550 848 arnum
565 784 580 846 ι’
597 781 690 848 facito
700 789 882 847 extremum.
904 783 958 847 Sin
974 803 1047 848 vero
1068 786 1101 848 lu'
1117 789 1245 868 meppea,
1267 787 1301 848 1ιί
1357 791 1440 863 sunt,
1453 783 1592 861 omnino,
1606 782 1708 866 quoad
1726 785 1793 865 eins
1805 781 1872 846 lieri
1884 780 2008 863 poterit,
2020 779 2205 842 removenda

451 883 567 960 mcci,
588 900 662 945 casu
679 881 882 945 multitudinis
900 890 999 961 recto,
1016 891 1083 948 tum
1106 894 1176 950 ante
1196 885 1299 947 iscri-
1357 887 1437 946 sunt.
1453 881 1605 956 Quorsum
1618 880 1701 943 enim
1713 899 1750 942 ea
1764 879 1851 962 pueri
1862 877 2017 941 memoriae
2035 876 2203 954 mandent,

450 978 588 1042 bendum
595 978 652 1042 erit
665 985 793 1060 e,atque
806 978 835 1042 id
851 979 949 1058 ipsum
964 979 1055 1042 iacies
1065 983 1096 1044 ia
1110 981 1294 1044 similibus.»
1356 998 1425 1061 quae
1439 979 1554 1041 nullam
1567 977 1638 1060 ipsis
1651 979 1813 1040 utilitatem
1826 977 1886 1040 sint
1899 974 2048 1040 allaturat
2061 973 2140 1048 Quid
2158 981 2206 1036 at·

449 1077 568 1141 Eodem
583 1076 677 1140 modo
690 1075 813 1154 Fabius,
830 1077 851 1139 l.
868 1077 893 1154 l,
908 1096 937 1139 c.
952 1081 984 1156 7,
1000 1081 1056 1158 {43
1070 1078 1200 1157 Probus,
1215 1078 1238 1142 l.
1259 1079 1296 1154 ll,
1355 1076 1435 1139 tinet
1447 1073 1572 1139 nomina
1585 1075 1720 1138 articulis
1733 1074 1890 1150 infarcire,
1906 1090 2038 1156 qnorum
2052 1070 2154 1134 nullus
2172 1071 2204 1132 in

450 1176 573 1257 p.lt39
579 1193 590 1255 3
606 1173 736 1250 Gellius,
751 1175 773 1237 l.
787 1173 871 1250 Xlll,
885 1192 914 1237 c.
925 1177 979 1252 25,
992 1176 1088 1239 locuti
1097 1185 1186 1252 sunt,
1204 1177 1300 1259 etqui
1355 1173 1492 1236 oratione
1508 1173 1601 1236 latina
1618 1173 1657 1235 sit
1676 1178 1764 1237 usust
1779 1172 1866 1246 Quod
1886 1171 1911 1235 si
1927 1170 2033 1254 priscis
2045 1169 2104 1233 illis
2120 1176 2205 1232 tem·

448 1281 519 1355 post
542 1289 595 1335 eos
616 1277 767 1353 precepta
790 1273 994 1352 grammaticae
1014 1274 1214 1337 tradiderunt.
1237 1274 1299 1338 Do-
1356 1272 1479 1352 poribus
1489 1271 1521 1333 id
1540 1272 1641 1333 studio
1653 1270 1712 1333 luit
1727 1270 1953 1350 ludimagistris,
1968 1275 2003 1330 ut
2018 1287 2130 1351 pueros
2150 1286 2205 1329 no

448 1376 548 1448 natus,
563 1368 636 1433 edit.
657 1367 698 1445 ll,
711 1387 743 1451 p.
769 1373 859 1447 trra,
879 1388 941 1432 non
963 1371 1063 1434 solum
1082 1372 1229 1435 articulos
1249 1392 1299 1436 ca-
1356 1369 1437 1432 mina
1456 1369 1486 1431 in
1507 1387 1595 1432 casus
1613 1369 1793 1432 inclinantes
1810 1368 1962 1446 articulis,
1982 1375 2126 1448 tanquam
2140 1383 2205 1428 cre·

447 1468 543 1542 sibus,
563 1467 617 1530 sed
636 1467 709 1549 ipsis
727 1467 820 1530 etiam
839 1468 991 1547 articulis,
1013 1488 1140 1532 casuum
1163 1471 1299 1551 appella·
1355 1466 1493 1549 pitaculis
1506 1466 1700 1549 quibusdam,
1716 1466 1917 1544 oblectarent,
1925 1465 2039 1528 nemini
2049 1464 2080 1527 id
2094 1463 2205 1526 mirum

448 1565 548 1628 tiones
575 1563 740 1646 praeposuit
759 1563 819 1628 hoc
847 1565 941 1628 modo
970 1585 978 1629 :
1006 1567 1221 1630 nominativo:
1252 1567 1298 1630 lu'c
1356 1563 1450 1626 videri
1466 1563 1570 1642 debet,
1586 1563 1738 1646 siquidem
1756 1582 1793 1627 ea
1812 1570 1900 1627 aetate
1922 1563 2046 1626 latinam
2068 1563 2204 1642 linguam

449 1663 593 1744 magister
599 1679 610 1741 ;
633 1661 790 1742 genitivo:
806 1662 893 1743 lajas
910 1663 1062 1743 magisbi3
1083 1664 1185 1728 dativo
1203 1683 1212 1727 :
1232 1665 1299 1726 laic
1356 1682 1428 1726 cum
1441 1663 1520 1725 lacte
1538 1662 1666 1725 nutricis
1680 1662 1840 1743 augebant.
1855 1662 1950 1725 Nobis
1961 1680 2034 1724 vero
2046 1678 2108 1724 non
2121 1660 2205 1723 idem

448 1761 606 1842 magistro.
629 1759 805 1836 Diomedes,
825 1759 847 1823 l.
872 1759 897 1838 l,
921 1779 952 1841 p.
975 1763 1047 1839 art,
1072 1767 1208 1825 vetemm
1223 1763 1297 1840 ritu,
1355 1763 1439 1841 licet,
1456 1763 1509 1846 qui
1524 1781 1626 1826 musas
1639 1780 1700 1826 non
1715 1762 1799 1825 domi
1810 1769 1906 1838 natas,
1914 1761 1969 1824 sed
1980 1760 2081 1823 multo
2094 1759 2206 1823 sudore

448 1857 583 1923 articulis
595 1855 837 1923 contentusluit.
1355 1861 1608 1944 partascolimus.

490 1956 570 2030 Quid
583 1974 669 2037 argo,
679 1955 760 2020 dicat
772 1955 893 2037 aliquis,
907 1955 960 2020 tibi
972 1957 1003 2019 in
1017 1966 1152 2021 urentem
1162 1959 1256 2037 venit,
1266 1965 1301 2021 ut
1396 1958 1470 2032 Quae
1487 1977 1560 2021 cum
1579 1958 1621 2021 ita
1642 1956 1719 2037 sint,
1742 1977 1779 2021 ea
1796 1956 1964 2021 doccantur
1979 1973 2048 2038 quae
2064 1953 2148 2016 brevi
2163 1953 2206 2015 eis

451 2056 737 2137 agnavissimorum
757 2055 919 2120 hominum
947 2056 1099 2119 sententia
1117 2057 1298 2120 recederast
1358 2057 1425 2120 usui
1440 2055 1543 2119 futura
1558 2061 1639 2119 sunt.
1656 2056 1802 2139 lncipiant
1814 2057 1878 2137 jam
1894 2073 1995 2133 nunc,
2009 2055 2078 2116 loco
2096 2052 2207 2116 articu-

449 2153 517 2236 ligo
531 2172 601 2218 vero
613 2159 733 2217 tantum
751 2153 837 2217 abest
853 2161 888 2216 ut
905 2153 944 2216 ab
959 2173 1066 2218 eorum
1086 2157 1235 2220 sententia
1251 2174 1300 2219 re·
1357 2155 1474 2233 lorum,
1490 2154 1615 2218 mobilia
1635 2154 1759 2217 nomina
1777 2172 1849 2216 curn
1868 2153 1934 2215 lixis
1954 2153 2151 2232 coniungere,
2174 2157 2207 2211 et

451 2253 613 2325 cesserim
627 2257 663 2316 ut
676 2253 759 2334 ipsos
771 2253 864 2316 etiam
880 2252 909 2316 in
923 2253 971 2315 bis
989 2254 1245 2317 commentariolis
1257 2254 1298 2318 ad
1357 2253 1467 2334 inipso
1481 2251 1581 2333 primo
1594 2251 1677 2314 aditu
1690 2250 1904 2332 vestibuloque
1922 2248 2135 2313 Grammatico
2152 2247 2207 2309 ad·

450 2350 633 2415 imitandum
648 2349 723 2412 mihi
741 2350 931 2433 potissimum
945 2352 1167 2434 proposuerim.
1183 2352 1300 2425 Quibus
1355 2349 1459 2431 jectivi
1480 2368 1516 2413 ac
1533 2348 1710 2412 substantivi
1728 2348 1859 2412 nominis
1877 2366 2061 2411 consensum
2081 2364 2207 2409 concor·

450 2447 545 2529 igitur
565 2446 737 2511 rationibus
754 2446 919 2525 adductus,
937 2449 1040 2530 pueris
1059 2447 1299 2514 declinationum
1357 2447 1501 2529 diemque
1522 2447 1697 2528 degustare,
1716 2464 1752 2509 ac
1770 2453 1861 2510 recte
1885 2444 2119 2508 constructionis
2138 2462 2206 2525 par-

451 2545 578 2621 lormas,
597 2545 807 2630 pretermissis
823 2547 970 2624 articulis,
993 2547 1169 2611 ediscendas
1188 2567 1301 2631 propo-
1358 2553 1438 2624 tem,
1452 2545 1524 2608 licet
1539 2545 1764 2627 imprudentes,
1780 2543 1932 2628 experiri:
1948 2543 1989 2606 ita
2005 2541 2155 2606 enimbat
2172 2550 2208 2606 ut

452 2645 519 2708 nist
533 2644 683 2708 Nimirum
695 2644 767 2726 quia
780 2645 851 2708 satis
864 2664 1017 2729 superque
1030 2644 1159 2709 arbitror
1172 2665 1299 2709 casuum
1359 2642 1479 2706 assidua
1492 2643 1706 2707 exercitatione
1719 2649 1787 2705 tum
1800 2641 1987 2725 expeditius,
2002 2650 2068 2704 tum
2085 2639 2207 2703 facilius

451 2742 600 2806 vocabula
622 2742 694 2824 ipsis
709 2742 830 2806 casibus
851 2761 1048 2826 preponere,
1066 2744 1210 2809 articulos
1228 2762 1301 2811 vero
1359 2748 1391 2806 et
1406 2741 1538 2805 scribant
1551 2746 1582 2803 et
1600 2740 1775 2824 loquantur.
1795 2741 1869 2814 Quae
1887 2758 1938 2803 me
1951 2759 2043 2803 causa
2060 2739 2156 2803 movit
2172 2745 2206 2801 ut

452 2838 613 2903 nominum
633 2846 753 2904 tantum
773 2839 973 2922 positionibus
988 2841 1140 2925 rectisque
1157 2842 1300 2910 casibus:
1358 2840 1531 2906 declinandi
1551 2841 1672 2903 initium
1689 2859 1708 2903 a
1731 2839 1871 2904 muliebri
1888 2837 2037 2903 vocabulo
2060 2838 2206 2915 facerem,

451 2937 537 3002 aliud
549 2944 596 3002 est
609 2937 692 3003 enim
705 2939 855 3004 rationem
868 2939 1011 3022 viamque
1024 2941 1143 3003 badere
1157 2959 1219 3022 qua
1237 2939 1302 3004 lati-
1359 2945 1409 3018 nt,
1422 2940 1471 3003 vel
1488 2938 1588 3020 primo
1608 2939 1674 3020 ipso
1692 2937 1742 3000 die
1763 2955 1827 3020 quo
1844 2936 2075 3018 grammaticam
2093 2936 2208 3016 attigis-

452 3053 525 3098 nam
547 3035 682 3118 linguam
700 3036 815 3115 discas,
836 3037 921 3101 aliud
939 3037 1143 3119 grammatica
1161 3038 1301 3120 quaestio-
1358 3042 1445 3115 sent,
1463 3037 1597 3120 aliquem
1620 3036 1667 3100 sui
1690 3035 1801 3098 laboris
1826 3035 1961 3098 fructum
1989 3035 2204 3117 perciperent:

452 3151 509 3197 nes
525 3133 677 3216 explicare
696 3132 856 3218 nodosque
873 3135 1011 3199 difficiles
1029 3135 1181 3218 expedire.
1195 3134 1251 3198 llic
1270 3143 1302 3198 ct
1359 3134 1601 3216 namadjectiva,
1615 3134 1640 3197 si
1652 3133 1790 3216 eiusdem
1804 3134 1864 3196 sint
1876 3131 1982 3197 lormae
1993 3139 2084 3216 atque
2094 3132 2204 3202 exitus.

452 3230 586 3294 articulis
603 3231 790 3310 licetvitare,
808 3233 924 3296 statiis
942 3251 1012 3314 quaa
1031 3233 1300 3314 grammaticorum
1359 3234 1424 3297 sine
1443 3232 1507 3296 ullo
1525 3232 1631 3296 labore
1653 3249 1725 3294 cum
1745 3231 1936 3294 substantivis
1958 3231 2152 3312 copulantur,
2171 3240 2207 3293 ut

453 3328 578 3412 quidem
589 3336 661 3392 sunt
672 3330 806 3411 propria,
820 3330 901 3393 sada
914 3329 999 3393 latini
1012 3331 1159 3394 sermonis
1169 3332 1255 3394 cultu
1269 3337 1302 3394 ct
1358 3331 1460 3412 [outa
1477 3329 1583 3393 acerba
1590 3349 1604 3408 ,·
1616 3330 1664 3392 sin
1683 3334 1785 3392 autem
1799 3328 1898 3410 ligura
1915 3329 1955 3391 ab
1970 3328 2078 3391 iisdem
2095 3327 2207 3390 discre-

453 3427 606 3507 elegantia
629 3426 722 3508 longo
754 3427 957 3505 alienissima3
985 3429 1067 3492 illinc
1102 3429 1205 3492 omnia
1231 3447 1301 3511 quae
1358 3435 1443 3513 pent,
1463 3447 1526 3492 non
1545 3429 1662 3505 statim,
1680 3427 1734 3490 sed
1757 3427 1863 3510 paucis
1883 3433 1952 3510 post
1971 3425 2093 3503 diebus,
2112 3426 2208 3489 decli-

454 3525 557 3604 potius
576 3525 796 3608 impedimento
814 3544 906 3608 quam
921 3526 1129 3590 emolumento
1148 3545 1214 3589 esse
1230 3545 1300 3609 pos·
1360 3527 1460 3589 nanda
1473 3532 1558 3603 sunt,
1570 3532 1606 3589 ut
1617 3524 1716 3606 saulo
1729 3525 1844 3601 minos,
1858 3543 1941 3586 muso
1951 3521 2055 3586 dulcia.

970 3883 1259 3980 SECUNDA
1304 3882 1697 3980 DECLINATIO

509 4174 549 4254 tl.
579 4175 757 4275 Domeros,
780 4199 924 4255 nomen
946 4173 1218 4255 declinationis
1231 4173 1424 4273 secundae,
1446 4173 1599 4282 generis
1619 4173 1840 4275 masculini,
1859 4172 2009 4252 numeri
2031 4170 2207 4280 singula-

457 4298 525 4399 ris,
541 4298 596 4380 sic
609 4298 865 4381 declinabitur
883 4331 892 4379 :

724 4511 854 4576 lamec
873 4513 1033 4595 scpulcra
1650 4513 1780 4580 Nemera
1796 4512 1927 4595 plurali.

457 4643 573 4725 Nom.
749 4647 812 4728 hic
841 4646 1041 4728 Dominus.
1193 4639 1194 4642 ‘
1361 4647 1477 4726 Nom.
1741 4647 1912 4729 Domini.

460 4769 552 4850 Gen.
763 4851 768 4866 ,
839 4771 1009 4852 Domini.
1362 4773 1453 4852 Gerr.
1741 4775 2008 4856 Dominorum.

458 4891 551 4974 Dat.
841 4895 1021 4976 Domino.
1362 4897 1451 4977 Dat.
1742 4899 1931 4979 Dominis.

458 5021 547 5098 Ace.
842 5020 1065 5102 Dominum.
1361 5023 1450 5100 Ace.
1741 5024 1939 5104 Dominos.

464 5141 553 5221 Voc.
789 5168 813 5223 o
839 5142 1016 5226 Domine.
1372 5145 1455 5224 Voc.
1693 5173 1715 5227 o
1743 5147 1910 5228 Domini.

460 5265 542 5345 Abl.
792 5292 815 5345 a
840 5267 1018 5349 Domino.
1362 5271 1461 5358 Att,
1693 5297 1716 5350 a
1742 5273 1931 5353 Dominis.

514 5426 929 5532 Hs‘cdomr‘nusjostus.
1329 5436 1337 5542 Ι
1415 5431 1487 5512 Hic
1501 5435 1826 5515 comissatores.
