4678 6162
742 599 787 653 ou
807 599 992 654 eunumurr
1010 597 1237 652 uruausrorur.
1794 568 1865 648 661

119 727 254 808 ridetur,
277 730 351 796 olim
375 737 477 796 autem
497 730 635 814 politius,
659 750 766 798 eorum
787 733 962 812 verborum,
1020 750 1085 798 non
1113 751 1122 796 r
1151 728 1280 794 omuibus
1303 730 1462 814 princeps;
1492 735 1552 796 et:
1593 731 1662 795 Vite
1693 731 1745 795 illa
1767 729 1871 812 dipao'

119 845 253 910 quorum
275 829 392 893 eadem
414 833 499 893 erant
511 836 672 911 postremae
696 830 765 895 dure
779 833 875 896 literae
898 850 965 914 quae
1021 832 1152 914 loroque
1163 849 1174 912 ;
1194 848 1282 895 non:
1309 830 1457 912 dranus.»
1474 829 1510 894 ln
1531 830 1653 908 eodem,
1675 850 1705 895 e.
1719 833 1773 909 15,
1788 832 1871 894 153:

119 932 192 990 suot
212 927 244 990 in
256 935 404 1010 optumus,
416 933 603 1010 postremam
616 929 736 992 literam
755 929 966 1009 detrahebant,
1027 931 1114 995 «Sed
1127 930 1200 1014 quid
1215 948 1273 1012 ego
1285 931 1424 994 vocales‘t
1438 929 1502 993 sine
1513 928 1668 993 vocalibus
1680 946 1761 1009 sepe
1775 927 1880 991 brevi.

119 1024 177 1087 nisi
188 1026 301 1090 voeatis
312 1027 540 1108 insequebatur.
564 1025 688 1092 Itanon
711 1035 776 1090 erat
790 1047 826 1091 ee
840 1028 967 1092 offensio
1023 1031 1091 1094 tatis
1112 1048 1206 1094 eausa
1226 1029 1463 1108 contrahebant,
1479 1035 1513 1092 ut
1531 1028 1572 1091 ita
1593 1028 1752 1091 dicerent:
1775 1025 1873 1090 llulti-

120 1124 151 1187 in
164 1126 312 1207 versibus,
336 1143 430 1208 quam
448 1142 533 1188 nuno
554 1125 678 1207 fugiunt
698 1133 797 1209 poetae
821 1127 903 1191 novi.
924 1127 969 1190 lta
1025 1127 1124 1192 modis
1131 1173 1142 1205 ,
1155 1127 1216 1190 voa'
1230 1128 1400 1208 argenteis,
1411 1125 1503 1208 polm'
1517 1133 1548 1190 et
1568 1125 1713 1204 crinibus,
1725 1125 1801 1187 tertt’
1813 1121 1873 1187 fre·

121 1224 205 1290 eninr
234 1224 470 1308 loquebamur:
496 1223 554 1300 Qui
581 1231 629 1289 est
650 1225 775 1288 omarbu’
805 1226 968 1310 princeps3
1027 1225 1095 1304 etis,
1111 1230 1202 1289 ete.»

593 1681 905 1776 DIAERESIS
942 1682 1060 1778 VEL
1105 1678 1404 1774 ulltlsls

176 2009 268 2090 537.
298 2007 472 2090 Diaeresis
492 2015 549 2090 est
569 2034 658 2091 eum
678 2008 829 2115 syllaba
846 2032 925 2088 una
942 2005 985 2086 iu
1004 2006 1100 2088 duas
1118 2005 1316 2108 dividitur,
1339 2014 1382 2087 ut
1400 2011 1519 2088 aurai
1540 2005 1784 2116 trisyllabum
1806 2030 1874 2113 pro

120 2127 230 2216 dorae
253 2133 480 2244 dissyllab03
511 2136 633 2232 miore,
662 2133 846 2232 avolarem,
874 2134 1067 2231 mutuare,
1091 2134 1270 2234 dz'ssoloo,
1300 2134 1386 2234 teo,
1410 2132 1704 2240 persoluenduo,
1730 2135 1872 2231 soarza,

117 2263 207 2366 jum
226 2260 327 2367 apud
342 2260 511 2343 eomioos
524 2259 789 2367 dissyllabum.
805 2257 1002 2367 Virgilius,
1021 2261 1113 2339 AEn.
1129 2261 1195 2360 Vl,
1216 2287 1254 2339 v.
1273 2259 1349 2338 717
1370 2290 1379 2338 :

522 2448 695 2514 AEtherium
709 2466 844 2526 sensum,
858 2452 951 2531 etque
964 2448 1055 2511 aurai
1067 2447 1215 2531 simplicis
1228 2447 1343 2530 ignem.
1430 2502 1432 2506 a

126 2614 319 2716 Horatius,
336 2613 478 2722 Epod.,
496 2613 567 2694 ode
586 2612 649 2712 13,
667 2639 704 2692 v.
721 2611 744 2690 2
764 2642 772 2692 :

441 2785 447 2798 ¹
521 2802 673 2885 Nivesque
687 2800 846 2865 deducunt
859 2799 966 2865 lovem
983 2823 991 2865 ι
1006 2817 1089 2864 nuno
1103 2819 1199 2880 mere,
1213 2817 1297 2865 nuno
1310 2799 1405 2862 ritae.

126 2967 316 3068 Catullus,
333 2992 454 3049 earm.
473 2965 538 3065 66,
553 2992 591 3044 r.
609 2965 660 3043 71
679 2995 688 3042 :

522 3151 649 3215 Condita
662 3151 736 3234 quin
750 3150 812 3214 veri
825 3149 957 3232 pectoris
970 3147 1113 3212 euotuom.

125 3315 296 3414 Ovidius
313 3316 433 3424 Epist.
451 3317 534 3415 Xll,
552 3343 589 3395 v.
607 3315 658 3394 l:

522 3501 697 3565 Debuerant
709 3501 795 3564 lusos
807 3498 947 3562 euolorbse
956 3515 1039 3561 suos.

125 3666 314 3767 Catullus,
330 3691 450 3747 earm.
468 3665 533 3767 66,
550 3692 588 3745 v.
607 3665 656 3744 38
674 3695 684 3743 :

523 3849 652 3913 Pristim
665 3855 735 3912 rota
747 3864 829 3912 novo
842 3864 970 3910 munere
983 3845 1121 3911 diarriae.

125 4015 299 4117 Ovidius,
317 4014 470 4099 Consul.
489 4013 535 4096 ad
550 4013 715 4113 Liviam,
733 4040 771 4092 v.
787 4009 865 4092 370
882 4042 890 4091 :

523 4199 591 4264 Vita
601 4198 671 4262 data
681 4205 728 4263 est
738 4199 866 4277 utenda3
884 4198 955 4261 data
969 4195 1091 4260 estsine
1103 4195 1220 4259 loeuore
1232 4193 1325 4259 nobis

547 4297 677 4375 -llutue,
692 4315 751 4360 nee
765 4301 850 4360 certa
859 4293 1058 4378 persoluenda
1072 4293 1134 4358 die.

125 4463 324 4564 Martialis,
342 4463 369 4543 l.
386 4464 486 4564 Vlll,
502 4461 624 4569 epigr.
640 4461 704 4560 81,
719 4486 756 4540 v.
777 4459 826 4538 10
844 4490 852 4538 :

525 4649 592 4713 Heu
604 4666 698 4730 quam
711 4646 792 4710 bene
809 4663 904 4723 nuno,
916 4642 1075 4727 Papiriano
1087 4645 1142 4722 (t).

121 4813 329 4924 Virgilius,
346 4812 560 4920 delirare,
577 4837 615 4889 v.
636 4811 683 4890 12
703 4839 711 4889 :

527 4998 597 5063 Non
609 4998 673 5076 lux,
688 5014 752 5061 nou
765 4994 851 5060 cibus
863 4993 1017 5058 estanoris
1030 4992 1073 5056 illi
1087 4993 1144 5073 (1).

153 5421 192 5486 (l)
208 5419 327 5472 Lemaire
342 5425 370 5470 et
380 5417 515 5470 Teubner:
528 5416 599 5468 utro
615 5428 703 5482 quam,
717 5421 767 5466 eta.
1023 5411 1152 5473 Lemaire,
1174 5409 1246 5462 Puer,
1267 5408 1350 5460 Latin
1372 5411 1466 5463 minor.
1477 5416 1497 5462 t.
1515 5409 1548 5474 ll,
1559 5423 1584 5474 p.
1605 5407 1662 5472 tlt,
1682 5407 1746 5459 illud
1760 5409 1879 5460 attribuit

155 5501 193 5568 β)
212 5501 346 5552 invenitur
375 5499 531 5564 epigramma
556 5497 620 5549 lllurl
642 5497 669 5548 iu
686 5495 749 5548 ertit.
773 5493 864 5547 lauet.
889 5492 965 5552 lat&
1025 5490 1106 5543 Coello
1121 5489 1250 5542 Firmiano
1261 5489 1405 5554 Symposio.
