4678 6162
728 724 977 778 1444444444
996 719 1276 778 ltbtloltnttttlblt.

156 863 261 912 844444
270 872 315 912 scu
327 857 490 910 obolicmbaa
499 856 664 920 44444535.

156 941 254 993 Sabeon
266 941 341 1004 cujus
352 940 386 992 sit
397 938 569 1000 auctoritatis,
579 937 636 990 348.

156 1019 275 1086 8444444,
289 1021 481 1084 grammaticus,
493 1020 518 1068 9.

156 1097 291 1149 Simonis
300 1109 421 1160 persona,
433 1096 506 1160 quid,
519 1095 559 1145 etl.

156 1173 282 1227 Sidonius
292 1188 343 1226 non
354 1181 396 1226 est
406 1173 539 1234 classicus,
548 1173 602 1225 483.

156 1254 346 1319 Solinusquus
360 1255 394 1305 sit
402 1255 573 1316 auctoritatis,
586 1253 643 1314 365,
653 1252 710 1318 339,
725 1253 782 1320 w,
793 1254 850 1308 336.

155 1334 330 1398 Solemus,
339 1333 402 1399 quid
419 1337 453 1384 slt
467 1340 494 1384 et
505 1339 569 1397 quot
579 1334 663 1385 modis
678 1334 731 1397 flat,
742 1334 800 1399 447,
810 1335 867 1398 448,
877 1335 934 1388 434.
960 1365 975 1376 -

125 1413 260 1474 Quomodo
269 1411 372 1464 dilierat
387 1411 582 1474 abarbarlsmo,
590 1411 651 1475 &3⁰3
661 1439 688 1449 -
699 1413 974 1478 asoloeoopbanc,litl.

155 1493 277 1558 Spatium
289 1493 341 1544 ioci
356 1493 503 1544 accusativo
517 1493 612 1555 sapius
631 1505 709 1556 quam
726 1493 839 1544 ablativo
852 1495 976 1560 exprimi·

124 1579 177 1634 tur,
186 1573 249 1635 338;
263 1573 364 1623 -item
374 1571 574 1637 4444444337.

155 1653 256 1718 Species
270 1653 403 1703 nominum
418 1650 485 1712 duae,
506 1651 635 1715 primitiva
660 1661 688 1703 et
706 1653 856 1716 derivativa,
870 1653 930 1717 436;
943 1681 976 1694 -

122 1731 186 1782 item
203 1731 351 1794 verborum,
372 1729 427 1780 437.
443 1755 476 1766 -
489 1729 594 1793 Species
615 1731 741 1794 temporis
757 1730 869 1782 ablativo
884 1733 976 1797 expri-

123 1811 213 1872 mitur,
227 1809 284 1862 337.

155 1889 219 1954 Sub,
232 1892 259 1941 ln
279 1890 477 1954 compositione,
488 1889 552 1953 quid
564 1889 702 1954 significet,
722 1890 777 1940 477.
791 1917 823 1926 -
833 1889 896 1954 Ejus
911 1902 975 1942 oon·

123 1971 233 2022 structio
245 1971 300 2022 sire
314 1983 373 2022 cum
382 1970 506 2031 ablativo,
521 1971 575 2020 sive
587 1982 646 2020 eum
658 1970 815 2032 accusativo,
829 1969 885 2021 389.

154 2049 362 2113 substantivum,
371 2050 425 2101 444.
435 2077 466 2087 -
477 2049 543 2111 Quid
553 2052 689 2114 conjuncta
699 2050 869 2113 substantiva,
876 2057 903 2102 et
913 2063 975 2115 quo

123 2129 202 2180 modo
225 2128 275 2180 sibi
297 2129 452 2192 adjectivum
478 2129 609 2195 copulent,
632 2127 690 2191 337,
711 2127 768 2192 338,
792 2127 848 2180 w.
861 2156 893 2167 -
907 2129 974 2191 Quid

122 2208 285 2260 substantiva
299 2209 458 2271 continuata,
475 2214 502 2260 et
515 2221 566 2272 qua
584 2209 642 2274 lege
665 2214 857 2271 construantur,
874 2207 931 2262 336.
942 2238 974 2251 -

28 2339 40 2350 ,
123 2287 292 2349 Quandonam
306 2302 397 2354 quaeve
410 2290 572 2353 potissimum
583 2290 744 2340 substantiva
754 2289 866 2342 babeant
874 2297 932 2355 post
945 2305 973 2346 se

122 2369 277 2434 genitivum,
290 2368 353 2431 344;
367 2394 399 2407 -
411 2369 575 2433 quandonam
600 2368 741 2432 genitivum
759 2375 804 2419 aut
824 2369 974 2438 ablativum,

1804 703 1878 782 537

1033 853 1128 906 donam
1144 853 1307 918 potissimum
1326 853 1479 907 adhibenda
1494 857 1689 920 propositiones
1702 865 1761 923 post
1773 861 1881 925 superi,

1032 934 1095 996 23&
1108 932 1265 996 -adjunqit
1278 933 1329 984 sibl
1342 933 1484 999 genitivum
1498 936 1627 1000 omnium,
1647 937 1703 990 356.
1717 967 1749 977 -
1761 939 1801 990 nb
1824 949 1882 993 utro

1033 1013 1136 1064 nomine
1163 1024 1245 1076 genus
1268 1017 1366 1076 petant,
1386 1015 1540 1078 sequentius
1573 1029 1606 1068 an
1634 1019 1800 1082 procedenti,
1821 1019 1878 1082 343,

1032 1089 1088 1143 stt.
1101 1115 1133 1128 -
1145 1088 1267 1151 34444444
1281 1091 1345 1155 ipsis
1359 1092 1479 1156 coguatio
1489 1106 1547 1145 cum
1561 1097 1699 1160 partitivis,
1712 1097 1769 1148 356.
1781 1101 1881 1151 -44-

1033 1169 1546 1238 444444444444444444414444444,445;
1558 1175 1640 1226 -sed
1654 1182 1717 1227 tunc
1726 1189 1813 1229 casum
1823 1187 1882 1243 post

1032 1261 1060 1301 se
1071 1249 1114 1300 vix
1131 1250 1280 1312 admittunt,
1294 1249 1351 1302 406.
1363 1278 1392 1289 -
1408 1252 1473 1303 Allis
1484 1253 1617 1318 particulis
1633 1255 1797 1322 adiuvantur,
1813 1272 1839 1310 v.
1853 1273 1878 1324 q.

1031 1328 1123 1392 molto,
1140 1329 1226 1396 lonqc,
1243 1329 1365 1395 quisquc,
1375 1332 1471 1394 omnis,
1484 1333 1541 1384 468.

1061 1409 1173 1475 supine.
1190 1409 1252 1471 Quas
1270 1410 1349 1460 verba
1361 1410 1394 1461 iis
1406 1418 1521 1476 careant,
1533 1414 1589 1471 448,
1602 1413 1660 1478 363,
1671 1413 1728 1468 363.
1743 1443 1774 1454 -
1784 1418 1880 1470 Eadem

1031 1487 1109 1538 verba
1128 1489 1186 1539 aliis
1210 1488 1343 1549 deliciunt,
1360 1489 1424 1542 ibid.
1444 1491 1881 1561 (l't'd.l²nrcrrn1vuu.l-Supina

1031 1567 1110 1618 verba
1132 1582 1261 1633 quasnam,
1283 1568 1339 1619 374.
1356 1569 1479 1621 -Vocis
1501 1571 1626 1636 sopinum
1647 1579 1760 1640 etymon,
1782 1575 1881 1628 353.-

1032 1649 1193 1700 constructio
1205 1650 1357 1713 supinorum
1371 1651 1398 1701 in
1412 1663 1466 1713 um,
1485 1650 1546 1716 364;
1560 1679 1591 1690 -
1600 1653 1626 1703 44
1642 1669 1669 1717 4,
1680 1653 1736 1706 385.
1748 1683 1776 1692 -
1792 1657 1820 1708 14
1830 1659 1880 1720 bis,

1034 1727 1095 1782 l‘olo
1104 1727 1205 1791 dotum,
1215 1734 1242 1779 et
1249 1728 1387 1793 similibus,
1396 1737 1469 1782 estne
1475 1732 1637 1796 participium
1644 1748 1676 1784 an
1687 1734 1878 1799 4444444434.

1029 1806 1203 1868 -Qnantitas
1211 1806 1362 1871 supinorum
1378 1809 1880 1879 4444444444444,454;-·4414444444·

1030 1899 1086 1937 rum
1098 1885 1211 1948 initum,
1228 1887 1377 1950 4444,453,
1389 1889 1445 1939 tto.
1659 1923 1661 1930 ·

1060 1964 1230 2031 Suppositum
1242 1967 1367 2018 orationis
1380 1969 1412 2020 ad
1425 1983 1454 2020 se
1466 1970 1573 2021 verbum
1585 1971 1674 2034 trabit,
1684 1969 1740 2024 338.

1059 2044 1182 2111 Syllaba,
1193 2045 1239 2098 437
1248 2061 1293 2109 ;-
1302 2047 1359 2098 aliae
1368 2048 1470 2112 breves,
1483 2049 1539 2101 alias
1549 2051 1640 2115 longa,
1651 2051 1709 2103 alie
1718 2066 1877 2117 communes,

1029 2125 1086 2177 438.
1100 2153 1131 2164 -
1142 2125 1179 2178 lie
1191 2127 1321 2177 communi
1340 2127 1448 2191 syllaba,
1461 2128 1525 2192 5073
1545 2157 1573 2168 -
1586 2131 1645 2181 talis
1661 2138 1702 2182 est
1715 2133 1805 2183 ultima
1819 2147 1879 2186 ver-

1030 2219 1084 2269 sus,
1097 2206 1154 2256 541.
1170 2232 1202 2242 -
1221 2205 1275 2256 Una
1296 2219 1330 2257 44
1351 2205 1452 2260 444444
1473 2206 1551 2271 iacta,
1571 2208 1628 2260 533.
1641 2236 1673 2247 -
1686 2211 1742 2262 Una
1766 2213 1793 2263 ln
1813 2212 1877 2263 duas

1029 2284 1122 2346 divisa,
1136 2284 1192 2335 537.

1059 2363 1194 2430 Sullepsis,
1206 2378 1264 2415 cum
1282 2365 1308 2416 ld
1322 2365 1550 2430 quodinorationc
1564 2367 1638 2419 deest
1647 2382 1662 2420 e
1671 2369 1789 2434 proximo
1803 2383 1877 2422 assu·
1970 2378 1979 2399 ¹

122 2449 179 2500 346.
205 2474 237 2487 -
259 2448 405 2514 Aliquando
429 2448 570 2500 admittunt
592 2450 809 2500 constructionem
839 2450 976 2514 partitive-
1030 2448 1118 2508 mitur,
1134 2449 1234 2496 mutato
1246 2445 1333 2509 aliquo
1347 2445 1496 2512 accidente3
1510 2448 1578 2498 unde
1588 2448 1706 2512 syllepsis
1714 2462 1876 2516 preponere,

126 2541 196 2590 rum,
204 2527 261 2579 448.

154 2607 319 2660 844444444υὲ
331 2607 406 2659 serbi
426 2607 585 2660 constructio
606 2608 778 2672 intransitiva,
793 2607 850 2673 338,
870 2607 930 2674 2393
943 2639 974 2650 -

122 2689 269 2752 4444444444,
281 2687 329 2738 mr
340 2694 368 2740 et
381 2700 455 2752 seqq.
472 2687 543 2753 (lid.
558 2688 635 2751 Suu.)

153 2767 217 2818 Sum
235 2780 293 2819 oum
315 2767 440 2832 genitivo,
457 2765 566 2831 ffl;-
580 2780 640 2819 cum
662 2768 858 2833 pronominibus
878 2783 974 2834 444444,

123 2852 210 2910 tuam,
229 2853 291 2909 etc.‚
305 2846 370 2905 3744
382 2871 413 2884 -
427 2858 487 2896 oum
501 2846 653 2899 44444444
666 2853 780 2898 autcum
794 2848 906 2912 duobus,
918 2849 974 2903 378.

122 2926 186 2988 Eius
205 2925 331 2978 beneflcio
351 2926 433 2977 multa
454 2925 580 2989 4444444444
604 2926 719 2978 dativum
739 2929 889 2992 admittunt,
908 2929 972 2982 ibid.

121 3031 156 3043 -
166 3005 313 3070 composita
328 3017 361 3056 ex
377 3017 410 3056 eo
427 3004 543 3055 dativum
565 3005 663 3057 babent
678 3013 724 3058 aut
736 3007 802 3059 alios
819 3020 895 3058 casus
914 3022 973 3060 cum

120 3085 315 3148 praepositione,
335 3083 392 3135 386.
401 3111 434 3121 -
445 3083 510 3134 Sum
522 3096 582 3135 cum
599 3085 711 3138 ablativo
725 3085 767 3136 vei
783 3087 897 3151 genitivo
912 3085 975 3138 lau-

1028 2540 1076 2592 per
1090 2538 1178 2587 44444,
1196 2531 1258 2588 ete,
1272 2523 1329 2577 433.
1345 2551 1375 2562 -
1386 2525 1436 2576 Pro
1443 2526 1671 2592 syllepsljuniores
1678 2529 1799 2581 dixerunt
1809 2544 1878 2596 spc-

1030 2607 1112 2658 tbtsia
1119 2620 1128 2669 ;
1140 2611 1241 2656 veteres
1252 2605 1390 2669 aliquando
1401 2604 1539 2672 44434444
1554 2614 1599 2659 444
1611 2608 1729 2673 eclipsin,
1743 2609 1800 2661 434.

1060 2683 1225 2750 8444444444,
1247 2685 1302 2735 sive
1325 2684 1400 2736 elisio
1416 2686 1512 2737 vocalis
1532 2694 1578 2738 aut
1599 2687 1762 2754 diphthongi,
1776 2689 1832 2741 533.
1846 2716 1878 2727 -

1029 2764 1175 2830 Aliquando
1194 2763 1332 2828 omittitur,
1354 2765 1494 2830 aliquando
1515 2766 1544 2818 44
1565 2768 1592 2818 44
1616 2768 1725 2820 diversis
1751 2771 1878 2822 carmini-

1029 2841 1089 2906 bus,
1107 2843 1164 2894 534.

1060 2921 1186 2988 8444444.
1212 2922 1282 2986 (lid.
1304 2923 1526 2990 lusururrorvus.)
1539 2951 1570 2965 -
1588 2926 1681 2992 Figura
1698 2928 1876 2991 dimensionis,

1029 3003 1133 3068 quando
1145 3003 1219 3053 litera
1229 3003 1270 3054 vel
1282 3003 1380 3068 syllaba
1393 3005 1502 3056 emedio
1515 3005 1634 3058 dictionis
1644 3008 1875 3070 subtrahitumlibii.

1060 3081 1260 3147 systematum
1270 3083 1414 3145 transitiva,
1423 3090 1479 3134 tum
1490 3084 1668 3150 intransitiva,
1681 3087 1751 3150 justa
1763 3088 1805 3139 vel
1814 3088 1878 3153 ligu-

122 3165 164 3216 dis
177 3171 222 3216 aut
237 3164 442 3228 vituperationis,
452 3163 514 3226 388;
529 3178 618 3228 -pro
635 3167 762 3227 oestimcr,
783 3164 840 3217 348.
852 3166 976 3218 -Futu-
1030 3169 1095 3224 rata,
1107 3161 1169 3226 2203
1180 3163 1391 3226 -intransitira,
1401 3162 1447 3214 sit
1460 3163 1497 3216 ed
1508 3162 1563 3215 343.
1575 3191 1607 3201 -
1620 3166 1729 3216 &nsum
1738 3166 1877 3231 aliquando

122 3259 183 3295 rum
198 3257 257 3295 eum
269 3245 382 3296 ablativo
394 3244 434 3295 vel
445 3243 545 3307 dativo,
553 3245 610 3296 336.

153 3323 239 3389 Super
250 3338 309 3376 cum
321 3324 435 3376 ablativo
449 3332 495 3377 aut
507 3327 665 3388 accusativo,
676 3325 733 3377 388.

153 3405 350 3471 superlativum
365 3419 471 3468 nomen,
493 3407 552 3470 ¹093
565 3434 594 3445 -
607 3407 747 3472 aliquando
763 3407 870 3460 Plautus
884 3411 975 3462 asub·

122 3486 243 3536 stantivis
256 3486 340 3550 lingit,
349 3485 415 3537 lbld.
427 3512 458 3524 -
471 3486 692 3550 Superlativorum
706 3489 873 3551 constructio,
890 3487 973 3543 35644

122 3576 196 3628 seqq.
208 3565 393 3616 -Admittunt
402 3565 544 3629 genitivum
551 3566 794 3632 pluralem,25ll;-
802 3569 880 3621 etiam
887 3571 974 3634 singu·

121 3647 214 3708 larem,
232 3645 333 3710 354;-
345 3645 484 3697 ablativum
499 3660 557 3698 eum
572 3648 851 3713 praepollentem,
867 3649 930 3714 354;
945 3679 972 3690 -

121 3727 298 3778 accusativum
309 3739 368 3777 cum
384 3725 462 3790 inter,
476 3734 547 3791 4444,
559 3728 621 3792 355;
635 3731 783 3795 -insuper
795 3742 884 3781 444444
897 3731 974 3795 posi-

122 3805 201 3857 tionis
214 3818 279 3870 444,
288 3805 350 3870 ssu,
359 3832 390 3843 -
400 3812 427 3857 et
442 3808 585 3872 genitivum
599 3809 754 3872 partitionis,
770 3809 874 3862 ibid·
884 3809 973 3872 Quan-

156 4217 175 4266 T
191 4216 266 4268 litera
276 4215 357 4281 linita,
371 4219 444 4282 cujus
458 4219 571 4284 generis,
581 4219 642 4282 1³53
651 4244 683 4256 -
693 4217 794 4282 brevia,
806 4217 863 4271 Μ.

155 4295 285 4362 impero
300 4297 447 4360 verborum,
462 4295 509 4360 io,
525 4325 556 4334 -
578 4297 708 4362 quomodo
728 4297 920 4363 coniungenda,
929 4298 971 4362 44,

121 4375 161 4425 54.
179 4402 208 4414 -
222 4375 318 4426 dorum
333 4375 360 4425 in
374 4376 474 4427 inlinito
492 4375 654 4441 significatio,
666 4375 707 4426 63.
721 4401 753 4414 -
764 4375 971 4428 Eorumnomina

122 4455 191 4519 apud
203 4461 313 4517 veteres,
330 4456 384 4507 435.
397 4482 429 4493 -
445 4455 586 4518 Ulteriora,
597 4455 673 4520 quid,
683 4456 724 4508 63.

155 4537 267 4602 Tempus
285 4539 430 4590 accusativo
449 4545 495 4589 aut
514 4538 626 4591 ablativo
646 4537 761 4601 effertur,
781 4549 841 4589 cum
861 4537 973 4590 interro·
1027 4537 1297 4600 conjunctioneslli.

121 4616 193 4678 patio
209 4615 239 4666 llt
252 4629 300 4681 per
317 4614 448 4681 4444444,
465 4617 527 4681 331;
538 4645 565 4656 -
576 4630 634 4668 cnm
652 4629 698 4681 per
716 4616 836 4682 quondo,
850 4617 971 4683 ablativo,

121 4696 167 4758 qui
177 4707 255 4747 casus
264 4694 394 4748 interdum
408 4695 537 4762 signifieat
553 4696 636 4761 istra,
648 4695 713 4748 ibid.

156 5105 176 5154 ll
191 5103 267 5156 litera
279 5103 360 5168 dnlta,
369 5105 443 5169 cujus
455 5105 508 5157 sint
522 5107 635 5171 generis,
647 5106 705 5170 454;
716 5133 747 5145 -
757 5119 801 5168 er,
812 5106 872 5170 1⁰03
887 5134 917 5145 -
927 5121 971 5172 us,

122 5185 171 5236 464
187 5181 225 5234 ed
235 5181 295 5246 toe3
308 5209 340 5221 -
349 5183 417 5235 4444
429 5183 456 5234 44
466 5185 554 5236 dativo
573 5185 666 5250 plurali
679 5193 777 5250 quartae
786 5185 891 5248 deelln,
915 5187 972 5239 454.

948 3257 952 3268 ·
1031 3243 1117 3306 potius
1137 3254 1215 3306 quam
1229 3256 1306 3296 voces
1325 3244 1395 3309 ipsas
1408 3249 1518 3308 spectat,
1536 3243 1594 3308 334,
1612 3243 1669 3298 335.
1680 3273 1710 3284 -
1723 3247 1876 3312 Transitira,

1028 3322 1078 3373 344
1090 3329 1118 3373 44
1130 3335 1204 3387 seqq.

1059 3401 1204 3468 Synthesis,
1217 3401 1298 3468 ligura
1312 3403 1444 3454 veteribus
1453 3403 1577 3466 inaudita,
1589 3402 1646 3455 335.

1060 3482 1223 3548 sycomoris
1240 3483 1286 3534 ubi
1303 3484 1476 3535 accusativum
1491 3485 1571 3547 partis
1591 3490 1699 3548 ponunt,
1713 3485 1770 3537 376.
1782 3513 1815 3524 -
1827 3488 1878 3538 Su-

1029 3565 1108 3618 uritur
1121 3564 1260 3627 aliquando
1272 3576 1319 3628 pro
1331 3565 1443 3629 syllepsi,
1456 3563 1519 3624 434;
1530 3590 1561 3601 -
1575 3578 1622 3628 pro
1644 3565 1807 3629 hellenismo,
1818 3566 1874 3618 437.

1059 3641 1159 3707 systole
1170 3649 1211 3691 444
1219 3640 1323 3706 syliabae
1337 3647 1429 3694 natura
1441 3643 1525 3708 longe
1535 3643 1674 3707 correptio,
1690 3643 1752 3708 538;
1768 3670 1800 3682 -
1812 3658 1876 3696 oon·

1028 3722 1137 3774 trarium
1151 3720 1272 3785 44444444,
1283 3721 1339 3772 538.

1064 4217 1184 4284 Triopas,
1202 4218 1272 4283 quod
1284 4225 1384 4283 spectat
1393 4218 1426 4270 ad
1439 4219 1595 4284 syllabarum
1607 4221 1804 4288 dimensionem,
1817 4223 1874 4278 438.

1064 4298 1200 4350 Terentius
1211 4312 1311 4364 magnas
1323 4307 1364 4352 est
1379 4301 1550 4363 auctoritatis,
1563 4301 1619 4353 333.

1065 4379 1273 4430 imminutiones
1281 4380 1414 4431 nominum
1428 4379 1642 4445 genusindicant,
1655 4382 1701 4434 456
1713 4388 1740 4436 et
1747 4397 1821 4450 seqq.

1063 4457 1182 4508 7444444
1195 4459 1273 4510 verba
1290 4458 1357 4510 duos
1377 4470 1452 4510 casus
1472 4459 1621 4524 admittunt,
1632 4460 1694 4526 386;
1705 4489 1735 4501 -
1749 4477 1874 4528 quasnam

1063 4614 1214 4668 Trocboeum
1227 4623 1302 4669 vocat
1312 4618 1412 4684 Cicero,
1427 4631 1505 4685 quern
1519 4619 1563 4671 alii
1580 4620 1751 4688 tribrachym,
1764 4622 1819 4676 536.

1062 5107 1108 5159 lim
1123 5106 1288 5171 quandonam
1298 5107 1419 5157 terminet
1433 5103 1538 5158 nomina
1549 5106 1694 5168 fluviorum,
1709 5107 1763 5158 444.
1780 5134 1807 5145 -
1821 5107 1874 5158 4444

1027 5185 1125 5251 syllaba
1139 5187 1275 5236 terminata
1288 5191 1379 5236 neutra
1390 5190 1461 5249 sunt,
1469 5186 1584 5250 exceptis
1596 5185 1744 5237 nominibus
1761 5188 1873 5238 virorum

155 5263 176 5314 ll
191 5262 266 5314 litera
275 5262 662 5327 slveronalisslveoonsonans,
676 5264 738 5327 ⁴373
747 5265 973 5318 —lncremsntunr
1028 5273 1056 5316 et
1067 5265 1232 5327 feminarum,
1246 5265 1301 5316 447.

121 5343 208 5394 tertie
220 5341 326 5405 declin,
336 5342 382 5393 474
393 5355 401 5406 ;
411 5343 474 5394 -in
484 5343 535 5395 line
549 5343 701 5408 dictionum,
713 5345 769 5396 488.
779 5371 810 5382 -
823 5345 843 5396 ll
856 5346 974 5397 intermi-

1062 5343 1140 5408 Unci,
1154 5345 1237 5408 4444,
1250 5343 1360 5407 undum,
1374 5344 1568 5396 terminationes
1579 5345 1772 5409 gerundiorum,
1786 5343 1826 5396 84.

121 5421 230 5472 radone
243 5419 305 5471 urio
319 5421 458 5472 verborum
471 5421 688 5484 meditatis-orum,
705 5421 763 5474 343.
777 5449 809 5460 -
824 5423 858 5475 lle
877 5423 903 5474 in
923 5423 976 5475 line
1064 5424 1095 5477 lit
1117 5429 1176 5488 post
1187 5422 1277 5490 iubeo,
1296 5423 1408 5490 impero,
1423 5421 1483 5488 ³¹⁰3
1497 5449 1528 5460 -
1541 5428 1600 5487 post
1619 5435 1677 5487 oro,
1697 5436 1788 5489 44444,
1812 5429 1873 5486 ete„

120 5501 214 5562 breve,
226 5499 288 5562 565ς
302 5527 331 5538 -
340 5499 447 5566 longum
457 5501 483 5550 ln
495 5500 689 5566 monosyllabis,
701 5501 728 5554 ln
738 5501 771 5554 iis
785 5515 844 5569 quac
853 5508 972 5555 44444444
1027 5503 1090 5555 348.

121 5577 266 5642 penultirm
279 5579 435 5644 longa,etc.,
443 5579 499 5632 546.

1693 5673 1733 5736 63
