4656 6156
953 525 997 575 DE
1018 523 1302 574 CONSTRUCTIONE
1322 521 1529 573 Tulluslulvl
1551 521 1707 574 nolllrtls.

1132 872 1530 953 COMPARATIVA

507 1167 599 1248 266.
632 1164 903 1273 Comparativo
922 1164 1072 1258 utimur
1090 1188 1177 1243 curu
1198 1157 1379 1264 ablativo,
1395 1161 1550 1269 quaudo
1564 1163 1624 1245 vel
1639 1162 1751 1271 plura
1764 1161 1904 1247 diversi
1917 1165 2071 1274 generis
2090 1193 2205 1248 com-

454 1300 657 1399 parantur.
685 1291 838 1388 Cicero,
864 1293 879 1371 Ι
904 1289 1031 1391 Catil,
1060 1316 1096 1371 c.
1125 1288 1169 1388 3,
1195 1289 1219 1368 6
1246 1320 1255 1368 z
1287 1321 1308 1363 «
1328 1290 1430 1369 Luce
1450 1297 1539 1369 sunl
1561 1292 1731 1370 clorzoro
1754 1290 1866 1372 nobis
1889 1297 1956 1370 luo
1978 1291 2155 1374 consilia.
2179 1326 2200 1368 n

455 1418 621 1519 Curtius,
639 1417 667 1497 Ι.
686 1418 751 1516 ΙΧ,
765 1444 799 1497 o.
818 1418 857 1516 2,
875 1417 924 1496 27
944 1446 952 1495 :
973 1448 995 1490 «
1009 1416 1163 1519 Mojoro
1177 1422 1265 1493 sunt
1278 1416 1469 1519 pecoralis
1487 1413 1661 1521 proemio.
1678 1448 1700 1491 s
1715 1415 1874 1516 -Vel,
1901 1442 1992 1497 cum
2017 1416 2091 1524 duo
2103 1417 2206 1526 ejus·

452 1545 542 1625 dem
563 1549 632 1624 aul
645 1541 788 1623 diversi
805 1539 960 1651 generis
980 1539 1249 1621 conferuntur.
1274 1539 1406 1620 Cicero
1428 1539 1476 1620 ad
1496 1541 1647 1641 notan,
1668 1539 1708 1621 iu
1725 1539 1794 1621 lib.
1811 1541 1843 1621 ΙΙ
1864 1541 1911 1621 ad
1926 1543 2053 1642 Brut,
2067 1569 2129 1650 ep.
2150 1544 2200 1624 8:

456 1701 477 1743 «
497 1671 590 1766 Quae
619 1694 700 1749 non
723 1666 911 1774 posterior
936 1665 1018 1746 dies
1043 1663 1217 1745 acerbior
1242 1663 1404 1768 priore?
1425 1671 1462 1768 el
1488 1692 1575 1771 quae
1598 1691 1677 1746 non
1703 1663 1913 1772 insequens
1938 1666 2035 1747 hora
2057 1681 2205 1749 antece·

451 1796 563 1875 dente
587 1796 844 1876 colomr'tosior
867 1791 1011 1899 populo
1036 1792 1212 1871 Romano
1237 1788 1426 1868 illuxit‘?»
1445 1789 1575 1870 Virtus
1594 1790 1718 1871 mullo
1730 1794 2012 1896 pretronor‘est
2028 1819 2137 1874 noro.

490 2056 583 2140 Apud
606 2063 726 2121 veteres
752 2052 906 2118 interdum
940 2051 1025 2133 leges
1058 2051 1301 2133 comparativum
1324 2084 1330 2142 l
1355 2050 1461 2115 nisill.
1471 2050 1584 2131 Tullio,
1596 2051 2111 2135 clarior.rVirgilius‚AEn.Vlll,v.
2123 2062 2203 2124 tut:

450 2175 523 2220 cum
536 2155 678 2234 ablativo,
695 2154 789 2217 etium
802 2171 875 2216 cum
883 2151 1079 2232 resejusdem
1092 2149 1214 2231 generis
1227 2168 1301 2213 con-

450 2254 605 2319 feruntur.
620 2253 752 2330 Plinius,
767 2253 789 2314 Ι.
803 2249 917 2329 XXVI,
933 2270 962 2314 c.
978 2254 1029 2329 ll,
1045 2254 1059 2312 l
1064 2296 1075 2328 ‚
1088 2249 1140 2313 ubi
1155 2248 1195 2312 da
1205 2268 1300 2330 gene-

449 2353 534 2416 ribus
544 2352 703 2416 marmoris
715 2351 778 2432 agit
794 2373 802 2414 :
821 2349 1075 2426 «Pretiosissimi
1089 2347 1199 2430 inquit,
1216 2366 1300 2430 quae·

450 2451 522 2516 daur
547 2450 670 2532 generis
688 2448 990 2513 lacedemoniorum
1011 2446 1107 2510 viride
1127 2446 1299 2528 mortique
1354 2443 1495 2511 iuniores
1511 2449 1701 2530 grammatici
1715 2450 1903 2516 subaudiunt
1915 2470 2023 2517 vocem
2041 2453 2206 2520 excludan-

450 2551 589 2614 iiluriru.
609 2571 625 2610 n
647 2548 767 2612 Eodem
789 2547 879 2625 libro,
893 2566 922 2610 o.
939 2550 991 2620 ll,
1008 2549 1039 2624 9,
1056 2544 1161 2610 ubido
1178 2564 1215 2608 ea
1229 2543 1298 2607 navi
1353 2551 1429 2623 tem,
1445 2549 1562 2610 coetero
1574 2549 1623 2612 vel
1636 2549 1769 2633 reliqra'r.

450 2649 523 2730 agit,
538 2667 599 2730 qua
612 2646 703 2711 Caius
715 2645 883 2710 obeliscum
903 2663 941 2708 ex
951 2642 1086 2726 AEgypto
1097 2641 1228 2707 Romam
1242 2641 1300 2704 im·
1394 2641 1543 2720 Donatus,
1558 2647 1633 2711 edit.
1647 2647 1686 2726 ll,
1700 2668 1733 2732 p.
1750 2651 1846 2731 l'll63
1864 2647 1987 2714 Seruius
1999 2649 2030 2714 in
2044 2650 2205 2730 eumdem,

448 2747 604 2830 portavit:
620 2744 688 2809 ull.
703 2743 864 2825 Claudius,
881 2743 994 2826 inquit,
1008 2741 1125 2825 aliquot
1138 2760 1193 2824 per
1203 2759 1299 2805 annos
1352 2762 1385 2824 p.
1403 2745 1499 2824 17823
1514 2742 1696 2825 Diomedes,
1708 2747 1730 2810 Ι.
1743 2745 1769 2825 l,
1780 2766 1813 2830 p.
1825 2751 1901 2829 3103
1916 2748 2106 2830 Priscianus,
2116 2751 2139 2814 l.
2152 2749 2206 2826 ΙΙΙ,

449 2837 643 2923 amomatnm,
658 2863 720 2927 qun
741 2843 831 2907 Cuius
849 2840 948 2906 Caesnr
966 2841 1195 2924 importaverat,
1207 2841 1300 2902 omoi-
1354 2861 1385 2923 p.
1397 2845 1466 2917 599,
1478 2842 1594 2907 docent
1601 2846 1808 2927 comparativo
1819 2847 1924 2911 locum
1938 2867 2018 2926 esse,
2030 2849 2205 2912 mcum

447 2944 500 3006 duc
512 2963 581 3026 quae
594 2961 732 3025 unquam
752 2942 783 3005 in
805 2941 881 3004 mari
899 2941 970 3005 visoe
988 2947 1060 3004 sunt
1073 2938 1297 3002 mirabiliorem.
1353 2958 1402 3004 res
1415 2940 1553 3021 ejusdem
1564 2942 1686 3022 generis
1698 2951 1927 3026 comparantur.

448 3040 586 3106 Valerius
599 3040 760 3120 Maximus,
781 3039 803 3105 Ι.
823 3039 873 3114 lv,
894 3058 924 3103 o.
947 3043 977 3118 ³,
997 3046 1017 3104 6
1040 3061 1048 3103 :
1072 3062 1087 3100 r
1108 3037 1194 3102 ldem
1207 3037 1301 3102 sensit
1395 3037 1430 3100 ln
1441 3038 1495 3103 illo
1509 3038 1642 3104 Sallustii
1655 3059 1664 3104 :
1679 3064 1695 3104 r
1709 3041 1874 3108 Nullaartc
1886 3043 2023 3127 canaam
2035 3045 2204 3126 inser-iem

448 3139 607 3203 Fabricius
618 3138 766 3202 Luscinus
787 3137 955 3202 honoribus
973 3143 1005 3201 et
1024 3137 1203 3200 auctoritate
1216 3134 1301 3201 omni
1354 3136 1428 3200 ilem
1441 3135 1541 3214 Plinii,
1557 3137 1579 3200 Ι.
1594 3137 1646 3217 ΙΙΙ,
1659 3159 1687 3204 c.
1703 3143 1757 3219 20,
1771 3144 1810 3206 ³:
1827 3141 2095 3208 «Nulliamuium
2119 3143 2209 3209 clari·

448 3239 569 3302 ciuitate
578 3236 769 3320 temporibus
779 3237 842 3301 suis
854 3237 992 3319 major.»
1006 3235 1135 3313 Gellius,
1145 3235 1167 3297 l.
1182 3235 1206 3313 Ι,
1217 3238 1297 3299 c.5:
1354 3239 1419 3298 tate
1441 3234 1617 3315 insariam
1644 3239 1897 3322 comparativum,
1923 3245 1958 3304 ut
1977 3239 2080 3320 vides,
2104 3241 2210 3306 dativo

454 3359 470 3398 u
484 3335 663 3402 Hortensius
673 3335 816 3400 omnibus
827 3334 924 3398 ferme
936 3333 1104 3398 notorius
1117 3334 1213 3397 etatis
1222 3353 1297 3410 sun,
1356 3331 1546 3414 adjungitur.

1513 2257 1624 2274 .....
1641 2221 1694 2274 Sed
1704 2223 1805 2276 cuncus
1817 2223 1900 2277 altior
1912 2225 1968 2278 ibat

1418 2303 1552 2356 incluso.

1172 3622 1433 3696 APPENDlX
1459 3625 1483 3695 Ι.

506 3811 599 3892 266.
632 3807 836 3889 Ablolivus
853 3805 1119 3913 comparativi,
1139 3807 1404 3890 intercedente
1421 3807 1699 3915 conjunctione
1716 3837 1847 3918 quom,
1864 3810 2008 3892 mutari
2027 3819 2154 3920 potest
2169 3813 2212 3894 in

452 3962 585 4020 casum
605 3935 723 4016 verbo
738 3943 1033 4042 congruentem.

507 4060 661 4160 Cicero,
683 4059 725 4140 in
741 4061 856 4141 Verr.
878 4068 954 4140 acl.
976 4061 1023 4159 ll,
1048 4060 1077 4140 Ι.
1093 4060 1157 4160 ΙΙΙ,
1180 4086 1216 4141 c.
1244 4060 1307 4161 16,
1334 4060 1384 4141 43
1405 4093 1414 4142 :
1436 4062 1533 4142 «Tu
1559 4059 1804 4143 innocentior
1822 4089 1939 4168 quom
1959 4063 2164 4143 Metellus?
2185 4099 2208 4140 »

452 4188 561 4269 ldem
581 4187 628 4266 ad
643 4188 743 4284 Att,
762 4184 790 4264 Ι.
807 4185 910 4284 XIV,
928 4210 991 4291 ep.
1009 4183 1075 4285 20,
1099 4185 1121 4263 3
1141 4216 1150 4263 :
1172 4187 1330 4266 «Nemo
1349 4212 1525 4292 unquam
1540 4212 1667 4292 neque
1680 4195 1807 4294 poeto,
1825 4213 1952 4293 neque
1974 4197 2103 4269 orator
2118 4190 2211 4290 luit,

454 4312 522 4419 qui
541 4336 779 4418 quemquam
794 4308 996 4391 meliorem
1019 4336 1135 4417 quom
1156 4336 1196 4390 oc
1217 4309 1517 4392 arbitraretur.»
1535 4311 1680 4413 Livius,
1698 4312 1727 4392 Ι.
1749 4313 1871 4413 ΧΧΧ,
1886 4339 1922 4393 c.
1941 4313 2021 4394 30:
2045 4314 2215 4396 «Melior

457 4438 649 4543 tutiorque
674 4443 729 4517 esl
752 4441 858 4517 oerla
878 4461 968 4542 pax,
995 4461 1111 4542 quom
1133 4443 1290 4541 sperula
1310 4440 1482 4518 victorio.
1502 4471 1524 4512 ›>
1548 4437 1765 4540 Terentius,
1792 4437 1833 4519 in
1857 4440 2014 4522 Phorm.
2042 4449 2116 4522 act.
2143 4443 2212 4540 ΙΙΙ,

455 4589 508 4644 sc.
525 4565 563 4665 2,
581 4590 619 4643 v.
637 4561 715 4642 690
730 4594 741 4643 :

815 4747 883 4831 Ego
896 4749 1054 4814 hominum
1068 4721 1257 4814 callidiorem
1269 4747 1331 4814 vidi
1340 4750 1496 4816 nemiuem

815 4849 908 4926 Quom
921 4847 1140 4914 Plomu'onrm.

497 5071 529 5136 Si
542 5067 722 5136 ablativuso
737 5071 912 5137 nominibus
926 5093 1020 5153 mmo,
1035 5075 1303 5155 nullonautare·
1362 5079 1419 5156 put
1444 5091 1500 5154 per
1525 5089 1678 5137 summam
1711 5071 1853 5155 injurium
1878 5069 2047 5139 abscissum
2077 5084 2145 5156 ost3
2172 5077 2216 5142 ita

457 5167 623 5251 ΙεΙΙνοφᾰ,
637 5188 713 5251 qua,
729 5169 807 5251 quod
820 5169 892 5248 liat,
905 5188 969 5235 nou
982 5172 1040 5235 erit
1052 5172 1305 5254 locushuicper·
1362 5172 1466 5252 inaplo
1487 5170 1653 5234 dicemus:
1674 5169 1775 5234 ldarco
1794 5170 1911 5249 Tullio,
1933 5191 2022 5256 quom
2044 5175 2099 5256 qui
2116 5192 2215 5239 nemo

437 5267 636 5348 ‘mutationi3
652 5273 687 5330 ut
703 5268 787 5332 onim
808 5267 888 5333 beno
907 5269 1002 5334 latina
1022 5271 1153 5336 dicimus
1173 5293 1181 5335 ι
1201 5271 1303 5336 llnrco
1362 5267 1572 5333 Romanorum
1584 5266 1845 5349 tritemoria,
1861 5275 1922 5331 etc.

457 5364 570 5443 Tullio,
581 5383 637 5447 quo
653 5383 745 5430 neruo
761 5365 971 5432 Romanorum
984 5368 1042 5433 luit
1049 5370 1241 5454 eloqroeutior,
1253 5391 1304 5434 ca·
1329 5341 1336 5413 Ι
