4646 6164
749 587 793 640 DE
814 587 978 640 Noulltttlt
997 585 1236 638 inconstanta.

119 723 244 821 ldem,
262 724 354 804 AEn.
373 721 438 821 lX,
455 747 494 800 v.
513 721 589 802 26:

520 887 612 952 Dives
622 905 739 970 equum
742 933 753 966 ,
763 887 848 951 dives
853 886 950 968 picen
958 885 1059 964 vestis,
1072 889 1104 948 at
1115 882 1193 946 auri.

159 1085 289 1148 Veteres
300 1083 509 1164 interrogandi
522 1083 677 1166 dandique
691 1101 779 1146 casus
796 1082 900 1164 primae
921 1081 974 1144 de·
1032 1077 1125 1142 etiam
1138 1076 1238 1160 prima
1251 1077 1414 1144 declinatio
1425 1097 1516 1142 suum
1530 1079 1624 1143 habet
1641 1080 1880 1158 incrementum,

118 1182 304 1260 clinationia,
316 1183 560 1263 utcaloe,.pictoe‚
577 1198 733 1262 nonperc
744 1187 798 1244 ete
810 1179 975 1262 diphthon-
1031 1175 1168 1258 alioquin
1181 1177 1249 1256 ejus
1267 1177 1393 1242 omnino
1416 1197 1534 1259 expers.
1556 1177 1708 1258 Virgilius,
1725 1179 1882 1240 vetustatis

117 1299 195 1361 gum
209 1277 391 1356 afferebant,
416 1280 505 1355 calce,
516 1280 618 1362 pictae,
635 1278 690 1343 sed
703 1298 760 1361 per
773 1299 792 1340 α
804 1282 835 1342 et
849 1279 870 1357 i,
886 1295 973 1342 more
1030 1278 1266 1358 amantissimus,
1276 1277 1341 1342 haec
1356 1279 1539 1344 carniinihus
1551 1277 1688 1342 inseruit.
1698 1277 1774 1342 Vide
1788 1278 1882 1351 Quin-

119 1376 311 1456 Gmeorum,
332 1377 426 1455 adai,
445 1375 550 1458 pictai,
566 1395 628 1459 qna
647 1375 837 1458 diphthongo
859 1375 971 1453 soluta,
1030 1376 1185 1454 titianum,
1197 1376 1218 1438 l.
1233 1375 1258 1453 l,
1268 1396 1297 1441 c.
1310 1379 1342 1454 l,
1353 1379 1402 1439 18.

327 1710 791 1805 lNCllliMENTUM
832 1711 1134 1806 SECUNDAE
1176 1712 1680 1808 DECLINATIONIS

174 1973 269 2051 464.
301 1970 351 2072 E,
374 1976 402 2072 i,
423 1999 451 2051 u
469 1970 711 2054 incrementa
726 1975 905 2056 secundae
919 1974 1190 2057 declinationis
1205 1974 1476 2080 corripiuntur,
1491 1983 1534 2053 ut
1552 2005 1560 2052 :
1578 1979 1707 2073 mne,
1723 1977 1879 2071 milcini,

114 2101 192 2197 vn,
208 2101 307 2194 oiri,·
320 2109 447 2196 satur,
463 2101 602 2176 satiri.
619 2097 821 2206 Virgilius,
840 2103 931 2181 AEn.
949 2103 979 2200 l,
996 2129 1035 2180 v.
1054 2100 1131 2180 630
1149 2132 1157 2179 :

518 2275 588 2341 Non
602 2276 708 2358 ignara
723 2277 807 2357 mali,
819 2279 933 2341 mairia
944 2296 1125 2344 snccmrere
1138 2278 1237 2343 disco.

114 2415 241 2516 ldem,
260 2419 351 2497 AEn.
371 2420 400 2518 l,
418 2445 457 2496 v.
478 2420 494 2497 l
519 2450 528 2498 ε

518 2568 614 2632 Arma
627 2571 788 2652 virumque
802 2588 890 2647 cano,
905 2569 1002 2651 Trojae
1016 2571 1071 2652 qui
1085 2569 1202 2652 primus
1215 2569 1252 2632 ab
1266 2567 1340 2632 oris.

857 2829 1130 2902 EXCEPTIO.

167 3007 274 3104 Iber,
292 3005 402 3086 lien·
416 3005 678 3111 penultimam
695 3006 813 3087 habet
831 3006 1007 3114 longam,
1024 3015 1063 3088 et
1078 3033 1123 3088 ex
1138 3033 1184 3093 eo
1199 3007 1456 3114 compositum
1477 3010 1657 3108 Celtiber,
1676 3009 1873 3089 Celtiberi.

111 3134 316 3231 Lucanus,
334 3129 466 3210 Phars.
481 3131 532 3231 V,
547 3158 585 3208 v.
604 3130 680 3210 237
700 3163 709 3210 :

538 3279 659 3343 interea
672 3279 799 3344 domitis
810 3280 909 3345 Caesar
917 3282 1076 3346 remeabat
1090 3282 1196 3345 Iberia.

110 3425 317 3525 Martialis,
332 3424 361 3504 l.
379 3425 410 3524 l,
428 3423 553 3532 epigr.
570 3424 635 3524 50,
654 3450 690 3503 v.
711 3407 760 3503 l‘:

515 3573 568 3636 Vir
584 3573 737 3638 Celtiberia
749 3591 812 3638 non
824 3575 957 3638 tacende
971 3575 1125 3656 gentibus.

371 3908 781 4005 INGREMENTA
820 3911 1064 4004 TERTIAE
1107 3910 1611 4005 DEGLINATIONIS

915 4177 918 4183 '
965 4164 1015 4240 A.

161 4331 258 4411 465.
289 4331 321 4410 Α
348 4328 634 4412 incrementum
663 4327 859 4437 singulare
888 4329 1009 4409 tertiae
1037 4329 1309 4410 declinationis
1337 4329 1497 4437 longum
1529 4335 1598 4427 est,
1627 4337 1667 4406 ut
1698 4360 1706 4406 :

390 4482 572 4587 Vecti'pci,
607 4479 736 4582 Titan,
766 4485 906 4587 pietas,
929 4508 1033 4586 pcc,
1061 4485 1194 4563 calcor
1218 4490 1257 4563 ei
1281 4484 1401 4586 Ajoc.

104 4651 287 4751 Ovidius,
302 4651 406 4732 Fast.
424 4652 488 4752 lll,
506 4678 543 4729 v.
561 4650 639 4730 797
657 4682 666 4730 :

511 4807 651 4873 Concitet
663 4809 758 4873 iratus
771 4809 887 4875 validos
902 4809 1024 4872 Titanos
1038 4810 1069 4873 in
1080 4828 1176 4873 arma.

102 4952 314 5064 virgilius,
332 4955 424 5035 AEn.
442 4957 527 5054 1,v.
546 4954 647 5035 aaa:

510 5103 567 5167 llic
577 5103 698 5186 pietatis
708 5103 823 5169 honost
836 5104 880 5167 sic
896 5121 952 5166 nos
961 5103 994 5165 in
1004 5109 1125 5185 sceptra
1136 5103 1279 5186 reponis?

99 5249 233 5348 ldcm,
252 5249 344 5330 AEn.
361 5249 445 5350 Vll,
461 5276 497 5328 v.
516 5247 594 5329 266
613 5279 622 5328 :

511 5397 585 5462 Pars
597 5397 672 5461 mihi
681 5399 765 5480 poni
776 5398 834 5464 erit
846 5399 986 5464 dextram
998 5398 1134 5481 tetigisse
1148 5400 1281 5481 tyranni.
