4680 6166
194 775 313 854 Nom.
585 776 739 856 Sensus.
801 825 803 830 -

199 900 291 980 Gen.
582 902 787 980 Sensuum.

198 1026 286 1107 Dat.
585 1026 783 1106 Sensibus.

253 1189 474 1268 Habeamus
487 1188 608 1268 bobes.
692 1223 695 1232 ¹

253 1313 326 1392 Hic
339 1340 471 1392 seruus
485 1313 630 1392 tardus.

808 489 852 541 DE
880 486 1043 542 NOMINUM
1071 487 1340 545 Ducululnoue.

976 651 1156 714 Plorob'ter.

1106 778 1196 858 Aoo.
1487 781 1643 860 Sensus.

1115 904 1198 982 Voc.
1436 930 1458 983 o
1487 907 1640 986 Sensus.

1105 1029 1186 1106 Abl.
1438 1057 1460 1108 a
1488 1029 1684 1111 Sensibus.

1154 1189 1229 1266 Hic
1242 1216 1375 1268 cellsus
1388 1193 1524 1268 lectuls.

1153 1313 1248 1392 Haec
1262 1341 1358 1393 onus
1372 1316 1509 1394 deliro.

231 1474 277 1525 llic
288 1473 448 1537 vlgllnndum
461 1477 502 1524 est
513 1469 568 1523 ludi
584 1469 707 1536 magistro
721 1483 754 1520 ue
767 1469 886 1535 discipuli
902 1485 934 1522 ex
946 1483 1026 1522 censo
1040 1483 1146 1521 sonsum
1159 1471 1255 1524 lactant
1268 1479 1313 1524 aut
1324 1479 1433 1526 sonna:
1450 1473 1535 1526 solent
1547 1473 1616 1524 anim
1628 1474 1715 1524 literas
1724 1485 1738 1524 o
1746 1478 1774 1523 et
1786 1486 1799 1524 a
1810 1473 1885 1526 laoile
1897 1485 1951 1538 per·

201 1555 308 1606 miseere
321 1565 353 1604 ac
365 1551 537 1614 contundere;
550 1552 621 1616 quod
633 1551 721 1602 vitium
734 1549 810 1614 longe
823 1551 926 1614 lateque
939 1556 1020 1615 patet.

253 1673 368 1770 Genu,
388 1696 535 1752 nomen
554 1667 824 1750 declinationis
843 1677 1004 1774 quartae,
1026 1669 1178 1779 generis
1197 1671 1338 1772 neutri,
1356 1673 1509 1754 numeri
1524 1672 1742 1782 singularis,
1760 1674 1812 1755 sic
1824 1673 1953 1756 decli-

203 1797 356 1878 nabitur
371 1826 379 1875 :

509 1946 725 2028 Sinqulocfitcr.

200 2085 315 2165 Nom.
487 2082 560 2163 hoc
587 2082 713 2162 Genu.

202 2209 292 2290 Gen.
585 2208 710 2287 Genu.

202 2335 293 2417 bat.
588 2333 713 2413 Genu.

200 2463 287 2541 Acc.
584 2458 709 2538 Genu.

208 2585 292 2665 Voc.
418 2655 422 2670 ,
535 2608 557 2661 o
586 2583 713 2662 Genu.

202 2711 283 2791 Abl.
536 2735 559 2786 a
587 2707 713 2788 Genu.

256 2872 337 2952 Hoc
350 2896 454 2978 qcou
463 2871 624 2977 flocum.

1430 1948 1611 2012 Pluroliter.

1106 2085 1224 2164 Nom.
1493 2087 1640 2166 Genua.

1108 2210 1199 2290 Gen.
1490 2213 1685 2292 Genuum.

1107 2333 1198 2414 Dal.
1493 2333 1677 2416 Genibus.

1072 2443 1074 2448 .
1107 2462 1195 2539 Ace.
1493 2462 1640 2541 Genua.

1112 2584 1201 2664 Voc.
1443 2611 1464 2664 o
1494 2587 1641 2666 Genua.

1108 2710 1192 2789 All.
1443 2737 1466 2788 a
1494 2711 1678 2792 Genibus

1076 2879 1081 2976 l
1164 2869 1248 2950 Hoc
1262 2895 1363 2975 qenu
1377 2882 1540 2951 lomene.

236 3041 346 3094 uiolabit
359 3045 503 3107 preceptor
514 3049 699 3101 nonuunquam
716 3038 843 3101 precepta
856 3040 928 3088 recte
943 3037 1073 3089 scribendi
1086 3037 1215 3102 lucillum,
1232 3037 1344 3105 exempli
1357 3051 1434 3091 causa
1447 3052 1454 3090 ι
1468 3045 1528 3092 aute
1541 3039 1565 3100 b,
1580 3053 1607 3105 p,
1621 3051 1663 3100 m,
1677 3049 1779 3103 semper
1794 3035 1956 3090 nubendum

203 3137 263 3175 esse
275 3123 374 3175 literam
385 3135 423 3186 m,
440 3126 470 3172 ut
486 3119 580 3180 ambo,
594 3130 723 3184 compos,
736 3113 909 3167 commodum.
925 3117 1061 3182 Nunquam
1078 3120 1196 3170 eamdem
1213 3124 1397 3172 consonantem
1409 3119 1437 3170 iu
1453 3119 1526 3170 tullio
1543 3124 1589 3170 aut
1603 3119 1674 3171 exitu
1688 3118 1807 3170 dictionis
1823 3117 1957 3184 geminari.

203 3208 233 3258 si
243 3206 332 3260 endem
345 3207 373 3259 in
382 3203 471 3258 modio
486 3202 641 3269 geminetur,
651 3213 703 3252 uon
716 3211 775 3252 esee
787 3205 924 3266 utramque
936 3199 1011 3252 initio
1020 3204 1066 3252 aut
1076 3198 1128 3252 fine
1142 3213 1233 3253 versus
1243 3199 1416 3266 nubendum,
1429 3199 1476 3253 sed
1486 3199 1594 3252 alterno
1603 3199 1631 3250 iu
1645 3198 1706 3264 lluo,
1717 3198 1825 3252 alteram
1836 3197 1917 3252 initio.

735 3494 978 3606 uulnus
1028 3407 1428 3594 uucblnlulo

260 3749 299 3828 7.
329 3751 433 3847 llus,
456 3769 598 3828 nomen
618 3739 889 3828 declinationis
909 3741 1068 3852 quintae,
1091 3743 1242 3854 generis
1259 3742 1479 3844 masculini,
1494 3741 1650 3827 numeri
1668 3742 1887 3853 singularis,
1905 3743 1958 3826 sio

206 3873 470 3958 declinabitur
486 3903 495 3952 :

523 4022 742 4107 Sicqcloritcr.

208 4161 323 4244 Nora.
504 4160 567 4243 hic
593 4159 695 4242 Dies.

210 4287 298 4369 Gen.
592 4286 688 4370 Diei.
770 4351 772 4354 .

209 4413 293 4494 Dat.
593 4411 691 4492 Diei.

212 4539 294 4620 dcc.
597 4537 724 4617 Diem.

220 4663 297 4745 Voc.
545 4687 567 4741 ο
594 4661 695 4742 Dies.

215 4787 289 4870 All.
548 4813 570 4866 a
597 4786 679 4868 Die.

261 4941 335 5021 Hic
348 4941 437 5022 dico
451 4939 683 5020 locassemus.

267 5065 339 5145 Hie
352 5067 433 5148 dics
447 5065 625 5146 cllustrc's.

1447 4019 1630 4086 Pluroliter.

1500 4159 1601 4241 Dies.

1203 4344 1211 4363 .
1502 4285 1674 4368 Dierum.

1117 4408 1209 4489 bat.
1500 4410 1656 4492 Diebus.

1119 4536 1207 4614 Aoc.
1380 4639 1383 4642 ,
1503 4535 1604 4618 Dies,

1130 4659 1241 4756 Voc„
1445 4665 1475 4740 ‘0
1502 4661 1604 4742 Dies

1121 4784 1204 4863 Abl.
1453 4813 1476 4866 a
1502 4787 1657 4868 Diebus.

1175 4933 1271 5014 Hcco
1282 4957 1344 5015 res
1358 4938 1574 5020 domestico.

1175 5060 1269 5141 Haec
1279 5088 1342 5143 ree
1354 5068 1581 5167 familiana.

256 5213 321 5280 Βία
340 5219 464 5300 generis
480 5235 546 5282 esso
559 5215 666 5282 incerti
685 5229 779 5277 nomo
799 5212 846 5275 est
863 5207 1061 5292 quinesoiet3
1124 5228 1254 5278 numero
1280 5215 1443 5297 reperitur,
1467 5215 1620 5283 hocloco
1647 5214 1722 5278 virili
1749 5214 1864 5278 tumus
1893 5230 1968 5279 con-

213 5310 272 5374 nod
305 5315 377 5397 qnia
408 5313 591 5380 leudunum
622 5331 719 5398 genio
758 5327 828 5376 raro
860 5307 1065 5374 multitudinis
1123 5308 1211 5374 tanti.
