4662 6156
482 519 559 599 380
1083 549 1354 603 couruuorrorus
1373 549 1626 603 oousrsuerro.

481 676 629 780 Cicero,
645 679 694 760 de
714 680 839 777 Orat,
857 679 884 757 l.
903 680 932 778 1,
948 704 983 760 o.
1001 679 1040 779 9,
1056 679 1107 759 35
1128 711 1136 759 :
1158 711 1179 754 ι
1194 679 1269 761 Sed
1285 679 1353 761 itia
1371 681 1463 781 duo,
1485 680 1634 780 Crasse,
1657 706 1789 760 vereor
1807 693 1852 760 ut
1873 680 1943 760 tibi
1966 680 2109 786 possim
2130 707 2217 762 eon-

481 801 633 884 cedere.
650 837 671 878 »
690 804 809 904 idem,
828 805 954 903 Fam,
976 804 1006 884 l.
1030 805 1132 903 XlV,
1149 831 1212 910 ep.
1231 806 1271 905 2,
1290 805 1313 885 3
1332 837 1341 886 :
1365 807 1545 887 «Omnes
1564 804 1715 886 iabores
1731 812 1766 885 te
1781 805 1957 911 excipere
1971 804 2103 906 ride03
2119 817 2216 886 umes

482 939 525 1005 ut
538 929 739 1010 sustineas.
756 961 777 1004 ι)
795 928 1008 1029 Terentius,
1028 929 1154 1008 Andr.
1172 939 1248 1010 aet.
1264 930 1314 1027 V,
1332 957 1386 1011 se.
1404 933 1443 1031 4,
1460 959 1498 1011 r.
1515 930 1591 1010 915
1609 961 1617 1009 ε

878 1123 968 1200 Perii,
983 1132 1080 1188 metuo
1093 1133 1128 1187 ut
1140 1123 1259 1188 substet
1271 1124 1394 1207 hospes.

1141 1490 1214 1570 NE
1248 1490 1359 1571 NON
1388 1517 1465 1594 pro
1500 1490 1572 1570 NE

536 1746 624 1824 Post
638 1744 776 1824 eadem
790 1745 923 1842 verba,
936 1771 990 1825 -ne
1002 1773 1081 1826 non
1095 1744 1212 1826 etiam
1225 1772 1294 1852 pro
1308 1773 1357 1826 ne
1372 1747 1543 1853 ponitur.

536 1866 685 1961 Cicero,
703 1871 805 1966 Att,
823 1868 850 1947 l.
867 1869 949 1966 vu,
964 1894 1027 1974 ep.
1050 1870 1111 1970 tu,
1130 1870 1153 1950 2
1173 1900 1182 1949 ε
1204 1870 1280 1951 «Si
1301 1877 1447 1969 manet,
1465 1895 1601 1950 vereor
1621 1875 1670 1948 ne
1691 1867 1904 1949 exereitum
1923 1865 2078 1946 firmum
2095 1865 2219 1947 habere

483 2019 560 2072 non
575 1993 708 2099 possit.
724 2026 746 2069 r>
764 1993 868 2074 ldem
884 1994 931 2074 ad
946 1994 1143 2091 eumdem,
1161 1994 1189 2074 l.
1207 1996 1274 2093 IX,
1292 2020 1356 2101 ep.
1374 1995 1414 2094 o,
1431 1994 1456 2073 o
1474 2026 1484 2073 ε
1503 2027 1526 2068 «
1541 1993 1671 2073 Timeo
1683 2017 1731 2073 ne
1743 2019 1821 2072 non
1834 1991 2056 2097 impetrem.
2074 2023 2096 2065 ι)
2114 1989 2217 2092 idem,

485 2143 555 2222 pro
569 2117 729 2215 Milone,
745 2144 780 2198 e.
799 2119 863 2218 ut,
883 2119 933 2198 57
951 2149 960 2197 ε
983 2149 1003 2192 «
1016 2119 1093 2200 Cur
1106 2117 1224 2226 igitur
1233 2144 1299 2198 eos
1308 2117 1562 2198 manumisit?
1574 2118 1762 2198 metuebat
1775 2115 1923 2196 seilicet
1939 2141 1989 2195 ne
2004 2113 2218 2212 indicarent,

484 2269 533 2323 ne
546 2242 720 2324 dolorem
733 2244 903 2349 perterre
916 2271 993 2324 non
1007 2251 1176 2350 possent.
1194 2277 1215 2319 »

525 2471 641 2536 tonum
654 2470 807 2536 Ciceronis
826 2472 977 2552 integrum
990 2489 1155 2555 apponam,
1168 2490 1208 2536 ne
1221 2471 1289 2554 quis
1301 2478 1333 2535 te
1394 2493 1411 2533 ι
1430 2470 1556 2554 Oppido,
1576 2470 1684 2552 inquit,
1697 2485 1761 2552 quo
1777 2474 1850 2532 sunt
1862 2468 1910 2532 usi
1921 2467 2084 2549 paulutum
2097 2473 2221 2549 tempore

486 2576 602 2650 pungat
613 2570 796 2652 serupulus:
816 2570 998 2654 «Equidem
1018 2569 1095 2633 iilud
1111 2569 1235 2639 molior.
1248 2568 1334 2650 quod
1391 2575 1496 2634 nostro
1522 2567 1704 2650 superiores,
1728 2585 1833 2630 omer
1856 2573 1890 2627 ut
1911 2567 1975 2646 jam
2002 2583 2061 2626 non
2089 2567 2131 2641 tt)
2157 2563 2222 2627 terat

487 2672 519 2729 tu
541 2685 659 2747 monos,
685 2686 848 2751 speresque
866 2668 930 2731 fleri
953 2686 1056 2749 posse,
1081 2674 1116 2731 ut
1139 2666 1213 2730 mihi
1234 2669 1334 2731 Cesar
1390 2667 1597 2750 quisquam.»

486 2765 638 2829 concedat
653 2773 688 2829 ut
701 2765 811 2843 absim
826 2784 899 2829 oum
912 2765 1027 2848 aliquid
1046 2765 1076 2828 in
1096 2772 1207 2829 senatu
1225 2772 1333 2830 contra

487 2860 737 2944 Cneumagatur3
749 2862 1333 2945 sedtimeonenouimpetrem.»Ouiuti·
1420 2898 1458 2964 (Ι)
1474 2899 1511 2950 1„
1531 2899 1676 2961 Bm,
1696 2895 1905 2962 ammam
1925 2895 2043 2947 m„
2062 2901 2089 2945 οι
2110 2893 2224 2952 omme,

486 2957 595 3037 liunus,
606 2961 628 3023 1.
643 2960 723 3038 vlu,
736 2980 765 3025 e.
782 2966 813 3039 3,
828 2963 878 3037 25,
896 2971 929 3024 ut
945 2981 1003 3024 nou
1014 2961 1117 3043 posuit
1130 2979 1186 3044 pro
1199 2980 1236 3026 ne
1248 2981 1306 3023 uon
1319 2981 1332 3023 .·
1388 2992 1446 3032 aar.

1224 3213 1498 3286 APPENDIX.

542 3379 582 3462 Si
598 3379 750 3459 tertiam
766 3377 961 3459 addideris
974 3379 1238 3488 negationem,
1258 3390 1295 3460 te
1309 3378 1417 3460 omni
1429 3387 1535 3460 metu
1550 3379 1718 3461 tibemm
1731 3377 1978 3489 significabis.

542 3504 689 3603 Cicero,
706 3505 818 3583 Verr.
846 3511 920 3584 aot.
946 3505 992 3603 11,
1019 3504 1046 3583 l.
1074 3504 1140 3605 lv,
1166 3531 1202 3585 e.
1231 3505 1297 3605 38,
1320 3505 1370 3585 82
1396 3535 1404 3582 :
1432 3535 1453 3578 ιι
1471 3505 1561 3584 Non
1584 3530 1720 3585 vereor
1741 3529 1789 3585 ne
1813 3504 1886 3585 hoo
1910 3502 2082 3584 officium
2107 3525 2226 3581 meum

490 3629 531 3706 P.
559 3625 721 3709 Servilio
741 3625 862 3733 judici
884 3654 959 3707 non
981 3628 1163 3733 probem3
1180 3661 1201 3702 »
1220 3628 1294 3708 hoo
1309 3636 1367 3708 est
1393 3659 1402 3708 :
1426 3633 1512 3711 Non
1537 3627 1672 3708 dubito
1695 3626 1790 3734 quin
1814 3628 1887 3708 hoo
1911 3626 2084 3706 officium
2107 3649 2228 3705 meum

488 3754 529 3831 P.
548 3751 711 3834 Servilio
726 3751 798 3830 sim
812 3752 1053 3857 probaturus.

1162 4086 1231 4166 ur
1267 4085 1339 4166 uu
1371 4112 1447 4192 pro
1486 4086 1558 4166 un

545 4331 592 4411 Ut
607 4359 656 4412 ne
669 4341 898 4438 pervenuste
913 4333 1071 4438 ponitur
1083 4360 1151 4440 pro
1165 4363 1228 4414 ne.
1606 4425 1610 4434 ‚

543 4455 689 4558 Cicero,
701 4458 812 4537 Verr.
831 4465 905 4537 aet.
923 4458 969 4556 u,
987 4458 1015 4537 l.
1033 4460 1063 4558 l,
1075 4485 1111 4539 e.
1128 4459 1195 4555 47,
1209 4459 1283 4538 123
1304 4491 1312 4538 :
1328 4492 1351 4534 s
1365 4462 1635 4567 lmpetrantut
1647 4486 1696 4538 ne
1707 4459 1857 4568 jurent.
1871 4491 1892 4534 a
1907 4458 2029 4559 idem,
2045 4458 2093 4539 ad
2102 4457 2228 4555 Quint.

392 4603 394 4610 ·
490 4583 570 4681 Fr,
595 4580 623 4660 l.
651 4581 713 4680 ΙΙΙ,
739 4607 803 4688 ep.
831 4583 870 4682 2,
898 4582 921 4661 3
950 4613 959 4660 :
986 4616 1014 4694 Ι«
1038 4583 1163 4690 Opera
1181 4584 1296 4665 datur
1314 4597 1358 4663 ut
1373 4584 1519 4692 judicia
1538 4612 1587 4666 ne
1608 4583 1717 4664 fiant.
1740 4618 1762 4660 u
1785 4583 1907 4684 idem,
1932 4585 2060 4685 Fam„
2086 4584 2115 4664 l.
2138 4583 2230 4678 ΧΙΙΙ,

489 4731 552 4810 ep.
579 4705 641 4804 Η,
663 4706 678 4782 1
701 4735 710 4783 ε
732 4738 754 4779 (ι
767 4705 1034 4787 Animadverti
1047 4707 1213 4790 studiose
1236 4717 1273 4789 te
1295 4734 1455 4814 operam
1475 4708 1580 4810 dare,
1604 4719 1648 4789 ut
1667 4736 1716 4790 ne
1738 4707 1831 4814 quid
1853 4733 2029 4790 meorum
2053 4705 2121 4787 tibi
2144 4713 2232 4785 esset

491 4829 681 4936 ignotum.
699 4862 720 4904 u

1193 5087 1267 5186 ur,
1309 5083 1527 5183 ursr,s1

544 5327 636 5405 stt.
664 5327 732 5428 Ni,
749 5314 839 5430 ηιίι,
855 5333 981 5408 eitum
997 5328 1263 5432 indicativum,
1280 5340 1362 5412 tum
1376 5328 1667 5440 conjunctivum
1681 5338 1826 5411 amant.
