4680 6166
323 1143 442 1284 DE
504 1142 948 1290 NOMINUM
1006 1139 1709 1286 DECLINATIONE

905 1453 1142 1465 m

701 1656 902 1750 PRIMA
944 1654 1342 1752 buccinatio

198 1924 236 2002 2.
267 1924 385 2026 Musis,
408 1949 551 2008 nomen
575 1927 846 2010 declinationis
867 1928 1015 2036 primae,
1039 1925 1192 2033 generis
1210 1927 1404 2028 seminini,
1428 1927 1580 2008 numeri
1599 1927 1820 2037 singularis,
1845 1927 1897 2009 sic

143 2047 404 2130 declinabitur
420 2083 429 2130 ε

413 2227 544 2292 Numero
564 2232 721 2312 singulari.
1334 2231 1464 2296 Numero
1477 2231 1608 2313 plurali.

143 2361 387 2444 Nummutivo
415 2365 497 2446 haec
525 2367 646 2446 Musa.
1051 2368 1296 2448 Nomsieutebo
1436 2368 1563 2447 Musae.

144 2486 315 2567 Gesoriaco
527 2493 657 2572 Musae.
1028 2479 1029 2484 Ν
1053 2491 1224 2572 Geue'tz'oo
1438 2492 1650 2572 Musarum.

144 2611 281 2692 Metabo
530 2618 659 2698 Musae.
1051 2617 1187 2698 Dutebo
1437 2616 1567 2698 Musis.

147 2739 364 2821 decantabo
529 2745 693 2824 Musam.
1051 2743 1272 2824 Acmaatioo
1437 2743 1577 2822 Musas.

158 2863 325 2945 Vocobvo
479 2894 500 2947 o
528 2869 646 2948 Musa.
1055 2868 1234 2948 Vocote'oo
1386 2893 1408 2947 o
1437 2868 1567 2949 Musae.

151 2990 312 3072 Adlutcco
479 3021 501 3073 a
528 2995 647 3074 Musa.
1051 2995 1221 3074 Ablutebo
1386 3019 1408 3072 a
1435 2993 1565 3073 Musis.

200 3134 612 3276 Hoecmusujucuodo.
1017 3168 1024 3260 l
1104 3171 1197 3253 Haec
1209 3175 1339 3276 ferula
1352 3173 1503 3252 acerbo.

840 3351 947 3415 Paucis
966 3355 1037 3434 post
1056 3350 1188 3414 diebusz

201 3485 582 3566 Hoecmuscodulccls.
1104 3486 1180 3564 Hic
1194 3489 1501 3592 contemptione.

201 3609 437 3716 Hoecscraelu
448 3617 595 3693 maican.
1105 3611 1492 3717 Hchoetuopteiuus.

181 3783 215 3836 ile
229 3789 299 3852 pueri
314 3789 369 3840 otio
382 3788 513 3854 diffluant,
524 3791 625 3842 curabit
634 3797 776 3856 preceptor
790 3798 820 3842 ut
832 3791 1020 3844 substantivum
1031 3802 1125 3841 nomen
1139 3803 1197 3841 cum
1211 3789 1336 3854 adiectiro
1350 3789 1421 3841 domi
1433 3792 1591 3856 conjungant
1599 3795 1627 3841 et
1633 3789 1772 3854 declinent,
1789 3803 1899 3856 quonum

156 3867 291 3919 nominandi
307 3882 384 3920 cesus
402 3875 503 3922 tantum
519 3870 575 3936 ipse
590 3871 711 3936 dictabit,
727 3872 773 3924 ubi
791 3871 931 3936 redierint,
950 3872 1077 3924 rationem
1095 3877 1229 3935 reposcet,
1247 3871 1368 3935 inspiciet
1385 3855 1522 3936 diligenter
1537 3885 1570 3922 an
1586 3872 1723 3923 emendate
1737 3873 1899 3937 scripserint,

158 3953 231 3998 errata
241 3949 355 4001 studiose
371 3950 494 4015 corriget,
509 3951 624 4003 laudabit
641 3951 787 4017 diligentes,
798 3951 963 4018 indiligentes
976 3952 1108 4005 excitabit.
1121 3949 1296 4015 succurere
1312 3952 1398 4017 inepta
1411 3952 1475 4015 sint,
1488 3965 1521 4004 ne
1537 3951 1628 4015 multa,
1645 3952 1678 4003 ad
1690 3965 1821 4004 summum
1836 3953 1899 4016 duo,

158 4031 182 4076 ut
194 4039 201 4078 :
212 4029 276 4081 Puer
289 4029 403 4097 diligens
418 4036 442 4082 et
457 4031 621 4098 inperiosus.

201 4168 231 4240 3.
253 4180 374 4246 Veteres
387 4181 429 4244 illi
443 4201 480 4246 ac
494 4182 612 4246 nobiles
625 4183 826 4263 grammatici,
845 4183 895 4247 vel
907 4181 991 4254 Cice·
1047 4185 1121 4262 oic;
1136 4201 1259 4266 aequom
1279 4181 1406 4260 habere,
1425 4181 1510 4263 quod
1525 4181 1684 4246 dicamus:
1700 4180 1747 4243 bie
1762 4199 1899 4264 nepum,

158 4277 229 4339 ronis
252 4279 461 4343 florentissima
482 4287 583 4359 atate,
608 4281 782 4344 nominibus
804 4281 990 4344 declinandis
1048 4287 1079 4344 et
1097 4281 1182 4363 liujus
1203 4280 1471 4364 commaticis
1493 4300 1628 4363 aequom.
1643 4302 1659 4339 a
1674 4278 1760 4343 Idem
1785 4279 1818 4342 in
1847 4299 1898 4345 eo·
1920 4363 1925 4372 ἢ

157 4395 299 4455 proromm
318 4379 382 4442 sive
409 4380 569 4442 caudam
595 4383 678 4458 (nam
697 4385 828 4462 utroque
851 4380 945 4443 modo
971 4399 989 4443 a
1048 4381 1131 4458 dem,
1146 4384 1196 4458 lb,
1212 4380 1266 4443 ubi
1279 4379 1318 4443 de
1329 4377 1679 4443 naturalietvoluntaria
1693 4377 1898 4442 declinatione

160 4469 286 4540 'terentio
304 4477 458 4556 Varrone,
480 4478 502 4541 l.
519 4477 599 4554 Vlll,
620 4481 670 4554 db,
693 4478 815 4558 dicitur)
834 4479 891 4556 iu'e,
916 4479 987 4556 iioec,
1048 4479 1132 4559 agit:
1151 4477 1322 4541 «Naturam
1336 4475 1418 4554 dico,
1438 4495 1509 4540 cum
1521 4476 1654 4540 universi
1668 4482 1830 4558 acceptum
1843 4495 1900 4541 no·

162 4569 203 4634 lca
213 4575 324 4639 casibus
336 4576 479 4643 omuibus
493 4576 722 4658 praeponebant,
737 4595 800 4659 quo
813 4583 879 4641 tum
893 4575 990 4640 nomi·
1026 4579 1030 4587 '
1048 4593 1120 4639 men
1138 4576 1176 4639 ab
1193 4575 1297 4658 coqui
1312 4575 1467 4657 imposuit,
1480 4593 1542 4638 non
1556 4574 1739 4657 requirimus
1749 4577 1900 4657 quemad·

163 4685 225 4732 uum
237 4691 354 4753 genem,
365 4679 441 4738 tum
451 4693 541 4738 casus
554 4675 703 4739 nobbaut
710 4693 721 4756 3
737 4692 799 4739 non
813 4675 897 4758 quod
911 4676 991 4740 Gra-
1048 4674 1176 4738 modum
1189 4673 1214 4736 is
1230 4674 1304 4737 velit
1320 4674 1484 4752 declinari,
1497 4674 1551 4737 scd
1565 4673 1621 4756 ipsi
1635 4672 1843 4752 declinamus,
1863 4682 1899 4737 ut

163 4781 254 4833 mam
275 4790 358 4837 more
376 4772 507 4836 Romani
529 4773 673 4837 articulos
695 4773 726 4836 iu
746 4774 883 4837 oratione
904 4774 990 4836 adbi-
1047 4774 1133 4856 bojas
1146 4773 1258 4851 Itomae,
1268 4773 1342 4834 donc
1353 4774 1515 4852 liomomm
1528 4773 1559 4835 in
1567 4771 1737 4850 eodem,8:
1757 4771 1898 4836 allicitur

165 4861 272 4947 heum,
304 4873 359 4934 sed
388 4879 423 4934 ut
455 4871 627 4954 expeditius
661 4891 727 4936 rem
762 4873 989 4953 grammaticam
1048 4871 1185 4936 euimiic
1198 4874 1279 4954 lepra
1293 4879 1325 4934 et
1338 4871 1558 4948 bacernensi
1572 4870 1899 4952 ejusdemgenerises-

166 4965 319 5050 hebreum
335 4988 393 5048 ne,
408 4969 433 5032 si
445 4969 542 5046 virile,
556 4971 705 5034 muliebre
722 4988 759 5033 ac
777 4979 919 5034 neutrum
939 4989 990 5053 ge·
1049 4977 1125 5047 seni,
1140 4971 1262 5052 utrique
1273 4977 1502 5053 praeponeretur
1514 4971 1598 5033 idem
1606 5018 1616 5049 ,
1631 4988 1666 5032 ac
1679 4969 1831 5033 diceretur
1844 4973 1898 5032 aut

169 5073 226 5137 rus,
238 5067 418 5147 nominandi,
433 5067 657 5150 interrogandi,
676 5067 788 5146 dandi,
805 5083 991 5152 ceterosque
1049 5069 1095 5130 iiic
1108 5069 1188 5150 lepos
1198 5073 1228 5130 et
1242 5067 1289 5130 iiic
1301 5087 1411 5144 nemus,
1427 5072 1481 5129 aut
1495 5067 1547 5128 icoc
1559 5067 1680 5149 iepaset
1694 5065 1746 5128 tce
1758 5085 1891 5130 nomaso

172 5173 242 5223 cetus
252 5165 354 5246 sapius
366 5166 570 5245 inculcarent,
583 5168 754 5250 legentibus
767 5169 891 5232 taedium
905 5169 992 5233 alier-
1049 5168 1084 5231 P.
1098 5166 1249 5248 Nigidius,
1262 5184 1356 5248 quem
1368 5165 1407 5228 it.
1421 5165 1549 5242 Tullius,
1559 5171 1683 5246 propter
1698 5165 1898 5228 excellentem

173 5260 305 5334 'mistui
316 5264 487 5330 declinandi
495 5267 772 5346 ratiouell.llarro,
781 5267 991 5332 Romanorum
1050 5275 1082 5330 et
1094 5267 1207 5348 ingenii
1221 5270 1253 5328 et
1271 5263 1449 5328 eruditionis
1465 5263 1682 5346 prestantium,
1696 5263 1793 5328 coluit
1805 5269 1897 5346 atque

178 5357 386 5442 truditusimus,
407 5363 649 5448 frequentissime
669 5368 765 5430 utitur
791 5367 822 5429 in
849 5367 884 5430 iis
910 5366 993 5430 libris
1050 5365 1173 5448 plurimi
1186 5364 1270 5441 iecit,
1283 5363 1315 5426 in
1329 5369 1437 5444 quarto
1450 5369 1483 5425 et
1499 5362 1646 5444 vigesimo
1659 5361 1898 5425 Commentario·

180 5466 240 5530 lli·
251 5455 285 5520 dc
291 5457 372 5544 ling.
382 5463 436 5528 lat.
447 5463 575 5546 scriptos
583 5464 721 5547 reliquit5
736 5465 908 5549 inquorum
918 5483 991 5545 uno,
1050 5482 1120 5527 rum
1134 5461 1415 5544 grammaticorum,
1429 5461 1510 5543 apud
1522 5460 1665 5538 Gellium,
1676 5459 1699 5525 l.
1711 5457 1895 5540 illitam:

182 5543 201 5608 l·
210 5546 243 5628 Χ,
254 5555 289 5618 8⁰
303 5577 312 5623 :
330 5559 442 5640 sliam,
455 5563 563 5646 inquit,
577 5581 641 5629 non
653 5563 767 5629 habere
781 5581 869 5628 casus
882 5583 951 5627 moa
963 5567 995 5628 et
1056 5561 1114 5626 «st
1127 5563 1227 5646 liujus,
1247 5561 1359 5645 inquit,
1377 5560 1475 5639 amb,
1489 5562 1538 5625 rel
1551 5561 1637 5645 liujus
1651 5560 1755 5643 magni
1772 5557 1896 5637 scribas,
